1940 3672
270 151 394 211 520
804 152 1222 212 [Iistorioi

169 337 253 375 no
286 315 470 376 sacris
505 315 572 394 a)
604 313 966 376 interdictus
990 360 1005 389 ‚
1042 339 1077 376 e
1125 336 1319 398 regno
1359 313 1424 371 in
1467 310 1852 398 Hungariam

167 404 486 489 profugit,
529 401 671 462 inde
696 406 758 461 in
796 402 1174 464 Carinthiam
1210 408 1271 465 in
1289 400 1664 462 coenobium
1699 424 1854 463 con—

167 497 377 568 cessit,
426 493 529 550 uhi
566 491 808 552 culinae
838 495 1206 567 inserviens,
1244 489 1494 550 tandem
1525 511 1739 550 necem
1772 492 1853 551 si-

166 582 230 640 hi
271 582 635 640 conscivisse
668 579 913 638 dicitur.
962 579 1260 640 Successit
1290 583 1347 640 ei
1368 578 1559 640 frater
1598 583 1669 636 V
1662 583 1854 638 ladis-

168 675 308 728 laus
346 673 788 741 Ilm-mantum,
834 670 941 750 qui
974 689 1088 748 per
1135 681 1326 727 totam
1370 689 1542 727 suam
1582 668 1772 727 vitam
1819 693 1854 728 a

164 758 290 816 filio
330 779 438 815 suo
482 758 804 832 Sblgnievo
838 755 1095 838 ejusque
1138 755 1404 816 factione
1444 753 1711 815 multum
1745 778 1853 817 ve-

165 859 340 904 xatus
378 857 542 919 erat3
590 843 837 904 tandem
875 846 939 901 in
982 842 1207 903 throno
1254 866 1394 905 eum
1445 845 1691 926 excepit
1729 846 1855 904 cir-

170 956 238 991 ca
269 957 319 990 a.
354 934 536 990 1108.
569 935 916 1003 Boleslczzc8‚
943 935 1294 1014 quimagno
1340 954 1449 993 suo
1479 931 1706 991 damno
1733 933 1854 992 Bo-

169 1020 433 1082 hemiam
475 1023 735 1080 vastavit
768 1044 881 1103 per
917 1023 1253 1080 Zelislazcm
1274 1063 1290 1093 ‚
1321 1022 1419 1079 cui
1455 1020 1538 1080 ob
1572 1020 1854 1080 amissam

162 1132 433 1182 manum,
465 1131 716 1168 auream
734 1108 1001 1170 donavit.
1026 1112 1242 1170 Postea
1267 1110 1614 1167 Henriczcm
1644 1113 1852 1191 Impe—

158 1214 425 1258 ratorem
454 1197 684 1279 praelio
705 1199 882 1256 vicit:
907 1202 1278 1259 Pomeranos
1295 1217 1450 1257 vero
1473 1211 1534 1257 et
1551 1197 1851 1257 Cassubos

167 1289 245 1345 27
304 1286 571 1345 millium
609 1284 781 1345 clade
804 1286 921 1346 sibi
958 1285 1253 1368 subjecit:
1302 1286 1699 1362 Sbignienam
1724 1284 1851 1343 fra-

167 1390 330 1435 trem
373 1374 670 1434 rebellem
705 1375 1010 1456 supplicio
1042 1375 1276 1447 affecit,
1298 1386 1359 1433 et
1396 1375 1851 1432 Skarbimirum

166 1466 640 1523 Cracov'iensem
684 1463 1031 1522 Palatinum
1065 1464 1182 1523 sibi
1223 1459 1622 1520 insultantem
1655 1461 1851 1522 oculis

167 1552 408 1637 privari
456 1548 667 1632 jussit:
707 1551 768 1630 b)
814 1551 1063 1611 tandem
1106 1553 1271 1610 inter
1325 1560 1592 1631 quatuor
1648 1548 1849 1625 filios,

160 1663 359 1722 quum
404 1641 779 1698 Casimirum
816 1642 1144 1698 minimum
1200 1637 1396 1697 filium
1447 1639 1608 1696 miro
1665 1651 1851 1696 natu-⁶

159 1751 266 1789 rae
301 1749 483 1787 cursu
542 1724 1033 1811 exhaeredasset,
1079 1747 1344 1808 regnum
1397 1722 1681 1784 dividens
1737 1723 1850 1784 de-

160 1818 355 1878 cessit.
402 1813 589 1897 Cujus
628 1836 938 1874 successor
979 1815 1140 1875 filius
1187 1818 1250 1872 V
1249 1815 1557 1872 ladislaus
1584 1835 1659 1872 ex
1690 1835 1847 1873 uxo-

162 1908 250 1966 ris
300 1907 655 1964 Chri-stirme
694 1902 948 1962 consilio
981 1904 1187 1963 omnia
1216 1899 1667 1976 administram,
1702 1921 1847 1961 cum

162 1993 460 2053 fratribus
493 1994 678 2052 etiam
716 2013 939 2052 eorum
959 1995 1277 2076 portiones
1305 1991 1552 2072 eripere
1589 2011 1846 2049 conare-

160 2096 297 2157 tur,
343 2107 375 2141 a
406 2080 705 2139 fratribus
736 2081 932 2139 victus
967 2093 1029 2140 et
1059 2101 1253 2162 regno
1302 2078 1512 2163 pulsus
1553 2092 1682 2153 est3
1743 2080 1845 2137 cui

159 2173 446 2231 successit
478 2168 671 2228 frater
700 2170 1028 2227 Boleslcms
1086 2171 1343 2243 Crispas
1397 2168 1497 2225 cui
1561 2169 1845 2225 Frideri-

158 2280 266 2316 cas
300 2259 708 2317 Barbaros-sa
722 2259 1068 2340 Imperator
1091 2255 1176 2316 ob
1212 2254 1661 2316 restituendum
1688 2257 1760 2313 V
1750 2259 1844 2313 la*

158 2349 430 2406 (lislaum
474 2345 709 2407 bellum
748 2345 993 2420 intulit,
1037 2347 1220 2427 eique
1259 2343 1536 2403 Silesiam
1575 2343 1846 2427 acquisi-

157 2437 284 2513 vit3
341 2436 592 2495 interim
648 2436 979 2492 Boleslaas
1035 2446 1251 2494 contra
1300 2433 1605 2492 Prutenos
1665 2432 1844 2491 vario

154 2538 356 2584 marte
386 2545 662 2606 pugnans
690 2520 880 2600 obiit3
925 2525 1108 2605 eique
1133 2523 1436 2595 successit,
1462 2518 1656 2579 frater
1677 2522 1844 2578 Ime-

158 2616 387 2670 cc'slaas
427 2612 509 2672 ob
531 2612 893 2695 gravitatem
928 2632 1179 2670 morum
1216 2612 1410 2668 Senex
1444 2607 1642 2668 dictus
1662 2652 1678 2682 ‚
1725 2606 1837 2689 qui

156 2699 336 2762 brevi
362 2700 447 2760 ob
478 2701 800 2761 avaritiam
821 2714 882 2760 et
899 2698 1328 2761 crudelitatem
1345 2718 1603 2758 suorum
1624 2693 1840 2756 odium

1660 2807 1755 2844 m-

232 2997 295 3070 a)
334 2997 494 3048 idem.
517 2996 651 3052 ibid.
684 3006 736 3049 et
766 2995 1239 3053 MathMachovia
1271 2996 1330 3052 L.
1368 2994 1415 3050 2.
1439 2996 1592 3054 o.20.
1629 2993 1681 3068 b)
1705 2994 1843 3050 Cro-

298 3083 499 3121 merus·
540 3069 675 3120 [list.
714 3069 904 3122 Polou.
941 3067 1001 3120 L.
1041 3067 1091 3121 5.
