1940 3672
280 167 355 226 12
841 169 1298 225 IIistoria.

189 363 374 418 mam,
417 345 541 407 imo
592 359 654 404 et
693 343 1048 405 Americam
1091 345 1363 404 maximo
1418 342 1545 403 zelo
1598 341 1881 402 introdu-

187 446 354 490 cunt.
403 431 716 515 Nullaque
763 435 976 493 existit
1005 434 1209 513 regio,
1238 433 1347 491 ubi
1380 445 1543 490 tanta
1577 443 1730 490 esset
1758 432 1881 491 Re-

189 516 436 602 ligionis
482 524 717 594 unitas,
765 522 935 602 qnod
988 521 1292 602 imprimis
1325 531 1641 602 acceptum
1674 517 1885 578 ferunt

185 609 627 684 Inqziisitiotzis
670 610 1039 680 Τνίιιόηαὶἰ,
1075 607 1154 665 ad
1190 608 1364 691 cujus
1399 610 1597 668 solum
1648 628 1878 665 nomen

184 693 631 777 trepidabatur.
679 695 846 753 Hinc
891 694 1348 754 administratio
1402 696 1707 755 Ecclesiae
1764 695 1879 752 Hi—

184 784 431 863 spaniae
463 797 553 841 est
594 781 763 846 talis:
799 784 1068 865 antiquis
1099 782 1487 866 temporibus
1521 788 1878 841 Primatum

187 870 525 953 Hispaniae
549 917 564 945 ,
596 873 802 929 tenuit
832 874 1239 948 Hispalensis
1277 872 1563 944 Ecclesia,
1583 871 1725 931 dein
1768 878 1882 927 To-

186 961 402 1015 letancz
434 980 632 1040 usque
662 958 737 1017 ad
775 958 959 1019 fatale
981 961 1315 1042 Hispaniae
1353 960 1664 1019 excidium
1686 1005 1700 1032 ‚
1737 981 1880 1017 nam

185 1043 335 1104 dum
378 1046 665 1107 Toletum
696 1048 960 1108 Barbari
995 1050 1058 1107 in
1097 1070 1269 1106 suam
1290 1061 1657 1129 potestatem
1699 1046 1878 1106 rede-

186 1136 435 1214 gissent,
462 1138 914 1195 Erae-ariensis
943 1132 1140 1195 Archi
1176 1137 1580 1220 Episcopatus
1609 1157 1744 1195 eam
1779 1133 1876 1191 di-

185 1225 485 1302 gnitatem
540 1224 853 1301 obtinuit3
907 1223 1014 1285 sed
1070 1222 1468 1308 postmodum
1509 1236 1878 1306 recuperato

185 1310 406 1371 Toleto
429 1357 446 1387 ‚
492 1334 688 1394 quum
721 1313 1053 1374 Toletanus
1073 1314 1353 1372 amissam
1393 1311 1757 1395 dignitatem
1778 1332 1878 1369 re·-

185 1413 461 1482 peteret,
507 1401 930 1462 Braccarensis
954 1424 1110 1462 vero
1150 1403 1517 1484 acquisitam
1543 1403 1877 1472 retineret,

192 1502 408 1547 exorta
444 1493 847 1551 contentione
875 1491 939 1549 in
972 1488 1134 1550 hunc
1171 1489 1303 1550 fere
1333 1489 1501 1551 diem
1533 1488 1648 1548 sub
1675 1485 1878 1567 judice

188 1575 261 1634 lis
310 1590 415 1635 est.
486 1577 553 1656 a)
623 1580 744 1650 Qui
785 1592 990 1639 autem
1045 1580 1164 1639 sub
1207 1580 1507 1638 Romanis
1547 1591 1612 1636 et
1654 1572 1876 1635 Gothis

181 1661 418 1723 fuerint
453 1666 769 1727 Praesules
797 1666 983 1727 docet
1020 1671 1089 1726 V
1083 1690 1326 1728 (isaeus,
1374 1668 1435 1747 b)
1474 1667 1631 1725 Cum
1667 1678 1875 1723 autem

185 1753 480 1835 Hispania
516 1777 549 1813 e
578 1755 861 1814 manibus
898 1754 1315 1816 barbarorum
1352 1767 1566 1836 erepta
1617 1750 1834 1811 fuisset
1855 1797 1874 1823 ,

184 1844 426 1924 antiqui
472 1844 873 1926 Episcopatus
910 1843 1158 1904 sedibus
1207 1845 1330 1903 suis
1380 1853 1527 1901 sunt
1567 1840 1875 1912 restituti,

191 1942 254 1987 et
288 1930 569 1989 nonnulli
605 1944 889 1991 recenter
921 1930 1188 1992 fundati:
1241 1928 1385 1991 hinc
1429 1927 1612 1988 hodie
1657 1929 1882 2010 Hispa-

184 2018 287 2074 nia
321 2018 462 2076 VII.
511 2017 705 2078 Archi
747 2021 1077 2104 Episcopos
1131 2019 1352 2092 hahet,
1412 2018 1642 2101 quibus
1695 2015 1878 2075 circi-

185 2118 283 2163 ter
315 2106 450 2165 XL.
498 2107 788 2190 Episcopi
832 2109 1207 2191 suffraganei
1261 2107 1569 2179 subsunt;
1631 2104 1876 2164 Primus

185 2207 278 2251 est
340 2198 672 2255 Toletanas
738 2196 1033 2257 Castellae
1081 2195 1527 2269 Cancellarius,
1579 2195 1681 2253 cui
1736 2202 1876 2274 post

182 2281 416 2363 Regem
457 2296 567 2343 aut
608 2287 844 2367 regiam
887 2283 1130 2369 prolem
1176 2284 1386 2345 nullus
1426 2305 1535 2343 seu
1571 2281 1871 2364 dignitate

184 2388 290 2428 seu
322 2394 512 2455 opum
549 2371 861 2432 affluentia
884 2385 1309 2458 comparatur,
1332 2370 1694 2454 suffraganei
1713 2381 1872 2428 sunt:

183 2460 535 2538 Burgensis
581 2483 687 2521 seu
732 2461 1124 2536 Aut-itances,
1202 2463 1614 2540 Utummensis,
1713 2460 1874 2515 Oxo-

182 2553 438 2623 mensis,
496 2550 895 2608 Cordubensis
914 2594 934 2625 Ι
980 2553 1300 2609 Jaenensis
1324 2595 1340 2624 ‚
1386 2547 1874 2616 Palentinensi3‚

183 2650 246 2694 et
293 2640 690 2718 SegoviensiS.
787 2642 858 2697 II.
893 2638 1268 2720 Hispalensis
1309 2637 1726 2718 suffraganeos
1764 2631 1873 2690 ha-

182 2725 322 2784 buit
357 2727 505 2787 olim
559 2729 653 2786 11.
691 2748 858 2785 nunc
893 2740 1136 2786 tantum
1185 2729 1239 2787 5.
1271 2727 1364 2785 uti
1405 2725 1870 2783 Malae-itanum

193 2816 604 2889 Gaditanam,
657 2828 719 2874 et
767 2817 1221 2873 Canariensem.
1279 2816 1385 2873 III.
1433 2807 1879 2896 Compostella—

1678 2917 1793 2958 nus

255 3035 315 3104 a)
353 3034 736 3156 Degxbetalium.
776 3034 847 3091 L.
879 3033 926 3086 1.
959 3030 1014 3105 b)
1055 3031 1308 3085 Vasaeus.
1353 3033 1411 3084 in
1454 3032 1727 3086 Chronico
1762 3046 1857 3078 suo

345 3122 390 3154 e.
506 3142 519 3155 .
