1940 3672
642 184 1267 255 Hispanorum.
1589 183 1666 242 57

89 367 271 425 toties
323 361 637 434 sufflabit,
716 355 1163 438 ditissimasque
1230 357 1425 440 Belgii
1479 357 1803 419 civitates-

83 455 369 513 amittere
404 447 635 508 debuit.
683 445 849 503 Hinc
899 448 1121 503 Carolo
1166 446 1259 506 II.
1302 457 1601 528 regnante
1647 446 1762 504 Hi..

87 542 299 623 spania
326 537 505 596 nimis
545 531 885 606 debilitata,
918 546 1057 616 post
1095 529 1224 615 ejus
1256 547 1560 607 mortem,
1599 555 1759 614 quo-

89 630 253 687 niam
277 628 404 684 sine
439 619 701 681 haerede
740 623 925 681 1700.
950 620 1334 696 decessisset,
1353 621 1758 703 exquisitissi-

86 734 331 772 marum
362 709 778 769 calamitatum
854 705 1166 769 theatrum
1198 709 1496 793 Hispania
1550 711 1759 769 evasit.

87 803 242 862 Nam
265 812 515 858 mortuo
559 799 783 856 carolo
805 796 879 855 II.
899 798 1030 857 sine
1049 794 1312 857 haerede
1332 842 1348 872 ,
1373 818 1522 857 mox·
1538 817 1764 857 cruen-

84 889 383 947 tissimum
412 884 649 946 bellum
701 887 911 966 erupit
964 886 1127 944 inter
1167 887 1548 944 Ludovicum
1586 885 1760 944 XIV.

81 974 316 1033 Galliae
354 995 563 1056 regem
597 984 660 1032 et
695 974 1070 1048 Leopoldum
1124 975 1171 1031 Ι.
1225 972 1595 1035 Germaniae
1634 978 1764 1033 Im-

80 1076 434 1146 peratorem
473 1060 551 1121 de
616 1057 753 1141 jure
808 1062 1207 1118 successionis
1266 1063 1639 1136 Isispaniae.
1698 1059 1765 1138 a)

82 1151 387 1221 Quoniam
449 1151 618 1211 enim
668 1148 998 1224 Philippus
1053 1150 1172 1204 IV.
1234 1148 1373 1208 Rex
1431 1149 1767 1231 Hispaniae

84 1237 234 1296 duas
262 1236 410 1298 filias
444 1258 579 1298 suas
613 1233 845 1296 habens
868 1282 884 1311 ‚
917 1249 1068 1295 natu
1114 1233 1418 1317 majorem
1481 1238 1769 1295 Mariam
1833 1252 1837 1254 ’

90 1327 451 1384 Theresiam
494 1323 727 1385 Galliae
764 1326 896 1406 regi
919 1326 1253 1398 Ludovioe,
1276 1324 1584 1384 minorem
1617 1346 1770 1384 vero

85 1411 272 1472 filiam
313 1414 805 1492 Margaretliam
846 1415 1208 1470 Therasiam
1261 1413 1572 1488 Leopolclo
1614 1412 1772 1472 Ger-

81 1503 320 1580 maniae
358 1502 730 1587 Imperatori
773 1500 1146 1574 elocavisset3
1169 1496 1605 1582 hincutraque
1641 1501 1768 1559 Do-

85 1612 251 1664 mus,
299 1588 376 1651 de
414 1590 554 1673 jure
593 1590 987 1649 successionis
1012 1589 1346 1670 Hispaniae
1379 1589 1649 1648 viriliter
1680 1587 1770 1647 di-

82 1693 361 1762 sceptare
394 1680 640 1750 statuit,
686 1689 747 1737 et
785 1698 927 1736 cum
964 1675 1122 1737 alter
1161 1673 1340 1735 alteri
1369 1675 1590 1737 cedere
1636 1676 1774 1734 nol-

86 1765 205 1840 let,
247 1766 510 1827 durante
557 1769 743 1826 etiam
773 1766 880 1826 lite
904 1809 919 1838 ‚
954 1765 1250 1847 Hispania
1282 1764 1500 1824 eodem
1528 1779 1773 1846 tempo-

86 1877 156 1914 re
195 1853 347 1914 duos
384 1876 558 1936 reges
594 1855 859 1913 maxima
899 1856 1085 1914 etiam
1120 1855 1435 1933 sangvinis
1467 1854 1772 1913 effusione

87 1944 225 2001 sinu
264 1965 373 2003 suo
398 1945 597 2004 tenuit
619 1986 635 2017 ,
680 1964 904 2026 nempe
931 1944 1290 2018 Philippum
1326 1944 1399 2004 V.
1420 1943 1773 2025 Principem

90 2030 636 2113 Andegavensem‚
673 2033 846 2090 cuius
884 2029 1054 2091 sedes
1092 2032 1661 2110 Madritumqerat3
1713 2043 1775 2089 et

97 2121 390 2177 Cat-olum
449 2122 579 2177 III.
642 2116 1061 2178 Archiducem
1123 2117 1416 2179 Austriae
1471 2121 1772 2195 Leopolcli

90 2210 492 2291 Imperatoris
553 2207 820 2268 alterum
889 2205 1125 2282 filium,
1193 2204 1366 2289 cujus
1416 2206 1588 2268 sedes
1640 2220 1775 2268 erat

83 2298 471 2356 Baro-allona
517 2318 713 2380 usque
748 2319 799 2356 a.
868 2298 1052 2357 1711.
1119 2316 1247 2377 quo
1293 2318 1456 2355 anno
1516 2299 1777 2356 Carolus

1557 2399 1698 2467 post

157 2591 214 2653 a)
254 2587 476 2639 Ulricus
511 2587 838 2641 ObrechtuS.
868 2591 1137 2663 Excerpta
1175 2592 1446 2646 Historica
1478 2605 1531 2647 et
1561 2595 1771 2648 Juridi-

246 2675 341 2711 ca.
380 2657 446 2707 de
485 2668 677 2709 natura
717 2659 1072 2713 successionis
1109 2663 1399 2732 Hispaniae
1452 2665 1508 2716 in
1550 2666 1774 2716 Monar-

247 2727 427 2777 chiam
469 2728 780 2797 Hispaniae.
822 2727 976 2783 1700.
1015 2732 1071 2783 in
1105 2738 1155 2783 4.
1187 2735 1345 2792 Joan.
1380 2735 1572 2787 Franc.
1627 2736 1776 2787 Bud-

249 2796 396 2849 deus.
425 2797 641 2848 dissert.'
674 2799 739 2848 de
767 2802 1101 2852 testamentis
1117 2820 1461 2855 summorum
1498 2805 1777 2874 Imperan-

246 2865 407 2916 tium.
446 2867 738 2937 Speciatim
774 2869 956 2920 Caroli
992 2871 1054 2922 li.
1094 2872 1380 2942 Hispaniae
1415 2874 1574 2942 regis,
1612 2877 1778 2927 Haiae

248 2933 404 2987 1701.
446 2936 504 2986 in
541 2935 591 2988 4.
624 2937 718 2986 Jus
750 2937 1093 2990 Austriacum
1135 2941 1187 2990 in
1242 2943 1619 2996 Monarchiani
1671 2946 1772 2997 Hi-

252 3006 530 3074 spanicum
564 3015 851 3061 assertum.
875 3009 1119 3078 prodivit
1156 3011 1408 3068 Viennae.
1448 3013 1604 3073 1702.
1643 3016 1697 3067 in
1726 3016 1778 3069 8.

256 3093 507 3127 recusum
547 3076 707 3127 Jenae
750 3075 905 3138 1703,
