1940 3672
238 145 362 204 120
772 148 1187 208 Historza

136 333 199 380 et
241 319 747 402 Hugonottorum
786 327 958 407 signa
1016 327 1192 408 sequi
1242 335 1606 405 cogeretur3
1652 345 1817 405 quo-

139 430 282 467 rum
331 409 564 470 auxilio
621 410 770 472 dum
826 416 1130 488 Parisi08‚
1203 435 1361 494 quae
1408 416 1468 474 in
1532 424 1829 493 potestate

145 499 503 556 Guisiorum
563 514 625 558 et
670 504 836 577 ligae
897 514 1153 559 sanctae
1199 516 1364 574 erat,
1429 499 1677 558 fortiter
1718 500 1830 557 ob·-

138 583 401 661 sideret3
450 588 770 644 Hem-icas
817 591 941 647 III.
989 611 1022 645 a
1068 586 1373 649 Monacho
1424 589 1832 646 Dominieano

142 673 373 729 Jacobo
426 673 727 732 Clemente
750 677 814 732 in
861 675 1295 736 castriscultro
1327 674 1655 734 transfixus
1680 675 1837 733 obiit

147 760 330 818 1588.
379 780 523 818 cum
547 781 676 843 quo
723 763 914 844 stirps
941 765 1016 820 V
1007 766 1292 821 alesiana
1338 766 1643 824 exstincta
1684 776 1791 824 est.

207 1032 484 1125 Quinta
533 1027 990 1098 Francorum
1043 1033 1262 1127 stirps
1313 1032 1759 1102 Borbonica.

292 1208 337 1263 Ι.
428 1205 749 1261 Hem-icas
785 1204 901 1261 IV.
949 1202 1267 1263 Navarrae
1306 1226 1420 1264 rex
1461 1208 1571 1285 qui
1612 1207 1676 1263 in
1715 1229 1832 1264 nu-

135 1295 278 1378 ptiis
332 1291 769 1353 Parisiensibus
813 1312 1070 1373 sponsus
1130 1304 1300 1367 erat,
1363 1316 1397 1351 a
1459 1293 1832 1354 Proceribus

138 1404 253 1442 rex
305 1378 717 1464 proclamatus
775 1377 882 1437 diu
944 1378 1373 1441 adversantem
1426 1381 1543 1440 sibi
1591 1382 1838 1441 Guisio-

138 1491 281 1530 rum
313 1467 651 1528 factionem
694 1464 862 1526 ferre
918 1467 1132 1529 debuit
1176 1468 1315 1528 ideo
1376 1468 1547 1550 quod
1593 1473 1838 1527 Heari-

142 1581 251 1617 cus
280 1556 697 1616 Reformatam
741 1555 1108 1637 religionem
1147 1555 1592 1636 profiteretur3
1639 1579 1835 1638 quare

150 1649 444 1705 Carolccm
509 1643 904 1701 Borboneum
968 1646 1365 1702 C’arclincclem
1417 1646 1530 1703 suh
1584 1648 1837 1704 nomine

155 1722 373 1793 Caroli
419 1734 497 1789 X.
547 1753 756 1813 regem
809 1732 1151 1790 salutarunt
1196 1734 1517 1804 Gaisc‘ani,
1570 1729 1712 1791 hinc
1759 1731 1835 1789 ad

144 1845 312 1881 arma
363 1819 568 1879 denuo
621 1832 875 1879 ventum
921 1833 983 1878 et
1037 1820 1399 1901 intestinum
1453 1818 1682 1878 bellum
1738 1843 1838 1878 re-

141 1923 436 1969 novatum
478 1919 608 1981 est,
656 1910 720 1965 in
785 1927 914 1988 quo
961 1904 1334 1965 rebellantes
1380 1906 1458 1965 ad
1505 1930 1603 1966 eas
1644 1930 1838 1989 angu—

140 2001 282 2057 stias
322 1995 597 2077 redegit,
641 2008 711 2052 ut
755 2008 1116 2055 exterorum
1148 1994 1376 2052 auxilia
1416 2010 1628 2076 petere
1659 2017 1839 2076 coge-

141 2100 374 2144 rentur.
422 2085 585 2144 Hinc
607 2096 744 2164 post
759 2081 974 2141 multas
1005 2081 1219 2141 caedes
1253 2104 1450 2164 quum
1469 2104 1579 2141 rex
1620 2084 1830 2143 ohser-

147 2185 361 2247 vasset‚
387 2169 553 2253 quod
578 2173 760 2229 tantis
780 2168 1149 2229 factionibus
1183 2191 1307 2228 non
1330 2171 1506 2230 aliter
1528 2169 1665 2230 finis
1687 2194 1836 2253 pro-

142 2263 350 2320 curari
377 2261 586 2342 possit,
634 2280 824 2340 quam
864 2261 913 2317 si
959 2259 1007 2316 is
1043 2256 1289 2340 rejectis
1326 2259 1836 2340 Hugonottorum

143 2351 366 2418 Sacris,
413 2348 831 2407 dominantem
849 2345 1240 2428 Religionem
1273 2343 1655 2405 Catholicam
1687 2369 1835 2430 pro-

146 2437 460 2510 fiteretur,
508 2455 633 2516 quo
679 2433 839 2494 facto
891 2434 968 2492 ab
1015 2432 1301 2493 omnibus
1354 2435 1493 2493 Rex
1556 2456 1837 2517 pronun-

143 2529 331 2585 ciatus
364 2543 657 2583 coronam
701 2521 749 2579 F
754 2523 994 2581 ranciae
1045 2522 1109 2578 in
1149 2521 1468 2579 Familiam
1505 2523 1839 2579 Bor-bonio-

143 2637 282 2673 ram
330 2611 565 2681 intulit,
612 2631 984 2692 omnemque
1019 2608 1203 2691 ligam
1225 2623 1496 2668 sanctam
1548 2631 1655 2669 seu
1687 2631 1836 2668 con-

142 2700 515 2786 jurationem
570 2696 852 2774 sustulit3
897 2720 932 2755 a
974 2719 1101 2779 quo
1162 2710 1445 2780 tempore
1512 2697 1834 2756 Gallorum

141 2791 417 2874 potentia
460 2786 536 2846 ad
592 2798 831 2844 tantum
862 2784 1173 2867 fastigium
1227 2786 1533 2868 pervenit,
1583 2800 1653 2843 ut
1694 2785 1835 2843 bre—

140 2881 203 2937 vi
248 2879 573 2938 universae
624 2875 908 2957 Europae
955 2872 1254 2934 invidiam
1292 2885 1591 2932 moveret.
1660 2872 1832 2931 Reli-

142 2969 337 3048 gionis
386 2961 774 3026 Reformatae
827 2961 1097 3024 liberum
1143 2964 1513 3024 exercitium
1548 2963 1833 3043 permisit

1527 3050 1746 3108 Edicto
