1940 3672
653 245 1127 299 Danas-am.
1550 244 1666 302 1277

66 422 259 504 Regia
296 419 464 480 sedes
511 428 642 477 erat
683 416 937 474 Leclmr
984 413 1172 494 vulgo
1221 415 1410 471 Leire
1450 414 1512 471 in
1557 415 1758 474 insula

70 512 424 568 Sielatzcliae
471 503 633 562 unde
679 526 857 586 reges
887 503 1116 561 Daniae
1144 503 1385 583 antiqui
1420 523 1602 583 saepe
1651 525 1762 560 vo-

67 612 288 656 cantur
336 599 535 670 Reges
576 595 981 650 Lethrarum.
1077 591 1261 649 Filios
1303 604 1364 648 et
1399 589 1636 649 >fratres
1663 611 1761 648 re-

64 707 210 769 gum
242 685 305 740 in
337 681 479 738 alias
527 682 877 762 provincias
917 701 1094 760 saepe
1130 677 1494 760 ablegarunt
1516 723 1530 747 ‚
1558 700 1757 760 quum

62 773 390 857 participes
437 769 613 848 regni
677 766 811 829 fieri
863 781 1277 848 nonpossent‚
1327 765 1470 825 inde
1522 780 1615 824 tot
1655 787 1763 825 ex·-

65 858 406 944 peditiones
443 869 751 938 susceptae
798 868 1009 927 erant,
1052 869 1121 913 ut
1149 854 1250 912 alii
1290 857 1472 914 etiam
1530 853 1762 913 nobili-

61 968 198 1008 ores
234 942 512 1027 etplebei
551 944 684 1001 loca
719 947 975 1025 aptiora
1009 947 1070 1001 et
1105 941 1418 1002 nobiliora
1457 940 1762 1026 adipisce—

61 1049 294 1094 rentur.
391 1031 798 1109 anditorem
855 1033 1084 1090 Daniae
1137 1030 1237 1088 alii
1294 1029 1515 1089 dicunt
1575 1029 1757 1090 fuisse

68 1109 566 1201 Datzamsss'qu‘am
627 1135 768 1180 ante
832 1121 1098 1177 Romam
1160 1117 1477 1177 conditam
1538 1141 1760 1199 regna-

68 1215 225 1271 visse
273 1196 336 1265 ifi
386 1208 580 1265 Dania
627 1207 906 1267 credunt.
970 1206 1035 1285 a)
1098 1206 1225 1264 Alii
1272 1228 1424 1265 vero
1464 1206 1543 1265 ab
1592 1208 1759 1264 Arca

68 1303 200 1357 Noe
261 1294 577 1354 deducunt
613 1342 627 1370 ,
685 1310 746 1356 et
804 1299 1134 1353 Gornermn
1207 1297 1483 1377 primum
1548 1316 1764 1377 regem

72 1385 301 1446 Daniae
356 1396 647 1443 statuunt.
727 1385 801 1462 b)
870 1383 994 1442 Alii
1060 1395 1270 1442 autem
1309 1404 1388 1440 ex
1449 1381 1764 1441 Islandicis

72 1473 492 1533 monumentis
561 1474 637 1550 c)
706 1474 1014 1530 affirmant
1068 1471 1250 1555 paulo
1306 1483 1447 1528 ante
1527 1474 1767 1528 Clu-isti

63 1575 347 1644 tempora
398 1562 675 1642 primum
730 1563 794 1618 in
860 1561 1054 1618 Dania
1109 1560 1463 1642 regnavisse
1527 1559 1766 1616 Sclzc'ol-

65 1655 211 1709 dam
242 1651 349 1731 qui
388 1661 522 1708 erat
559 1647 952 1730 Inclytissimi
1003 1648 1184 1708 Asiae
1226 1648 1535 1729 Principis
1585 1649 1764 1705 Ochi-

66 1742 132 1798 ni
180 1736 380 1810 filius,
428 1760 463 1795 a
508 1735 682 1817 cujus
745 1740 995 1796 nomine
1049 1749 1375 1818 sequentes
1437 1738 1760 1795 Danorum

70 1828 271 1908 Reges
350 1823 594 1884 Ethnici
672 1827 1032 1902 Skiolclangi
1096 1824 1534 1898 vocabamur3
1597 1822 1770 1902 cujus

69 1915 182 1974 sub
221 1933 568 1973 successore
619 1916 918 1971 Haralclo
971 1915 1375 1984 BlacztcmclO,
1425 1913 1606 1970 multi
1649 1914 1770 1971 Da-

71 2024 299 2060 norum
334 1999 411 2059 ad
453 1998 682 2060 Christi
730 2000 914 2062 fidem
969 2004 1257 2062 conversi
1304 2016 1447 2060 sunt
1497 2003 1658 2060 circa
1719 2024 1770 2057 a.

77 2088 183 2149 Ch.
234 2090 379 2151 950.
425 2111 734 2150 successor
774 2088 905 2172 ejus
962 2091 1158 2148 Sveno
1212 2090 1474 2147 Barbae
1522 2093 1773 2147 Furca-

77 2191 181 2238 tae
256 2181 483 2237 iterum
548 2191 759 2238 terror
814 2176 1305 2239 Christianorum
1376 2192 1438 2239 et
1512 2177 1774 2261 Angliae

73 2265 344 2327 domitor
384 2279 558 2336 erat,
595 2289 785 2349 quem
833 2268 1078 2348 excepit
1126 2270 1406 2325 Cametas
1459 2269 1547 2324 M.

250 2355 326 2413 ΙΙ.
376 2353 579 2414 Status
634 2357 865 2414 Daniae
921 2356 1034 2413 sub
1088 2355 1366 2437 Regibus
1409 2352 1772 2413 Christianis

70 2441 215 2502 inde
269 2465 303 2500 a
362 2445 601 2500 Canzcco
653 2447 739 2502 M.
787 2443 1048 2525 amplius
1106 2443 1477 2502 salutaribus
1534 2442 1775 2525 legibus

78 2530 371 2589 illustrari
434 2534 682 2612 coepit3
728 2531 942 2614 quales
992 2531 1153 2613 leges
1204 2530 1322 2591 sub
1386 2533 1622 2590 Canuto
1685 2531 1774 2586 M.

77 2621 429 2679 notissimae
461 2632 603 2677 sunt
642 2623 895 2682 nomine
947 2622 1197 2678 Gaards
1231 2622 1430 2693 Raet,
1465 2619 1578 2679 sub
1622 2620 1774 2675 Μα-

1563 2727 1689 2784 gno

149 2877 219 2942 a)
271 2875 533 2930 Alhertus
579 2878 899 2941 CrantziuS,
956 2876 1324 2941 Huitfeldius‚
1376 2879 1689 2940 Fontanus,
1729 2885 1783 2927 et

220 2944 508 3000 Meursius.
581 2947 650 3017 b)
718 2949 974 2999 Nicolaus
1026 2949 1272 3018 Petrejus
1327 2959 1383 3001 et
1448 2944 1784 2999 Lischander

222 3015 709 3087 Historiographus
768 3018 1049 3069 Danorum
1112 3019 1338 3089 Regius.
1410 3015 1476 3087 c)
1540 3016 1784 3067 'sormo-

228 3086 330 3136 dus
366 3126 381 3146 ,
439 3088 713 3142 Tol-facus
774 3089 1062 3150 islandus,
1106 3098 1161 3140 et
1217 3088 1466 3161 plerique
1520 3086 1787 3140 Historiei

232 3154 373 3208 hanc
408 3157 749 3228 hypothesin
782 3159 1206 3230 amplectuntur.
