1940 3672
288 166 410 229 522
825 172 1251 230 Historia

207 349 401 406 leslao
457 347 823 407 substitutus
888 362 1020 408 erat
1077 352 1343 408 Leonem
1387 348 1608 407 ducem
1655 350 1888 407 Russo—

204 456 351 496 rum
395 438 505 516 qui
554 438 876 511 Leopolim
917 437 1237 514 condidit,
1285 437 1368 497 ob
1412 439 1610 497 varias
1657 434 1889 496 hostili-

198 535 352 582 tates
388 522 666 607 dupplici
686 523 929 604 proelio
949 525 1335 608 profligavit,
1384 528 1679 586 Litvanos
1706 549 1886 608 prae-

194 611 289 671 dis
318 625 570 670 onustos
611 613 798 687 vicit3
833 611 1093 672 rebelles
1139 616 1245 696 qui
1286 629 1500 674 contra
1543 636 1684 673 eum
1731 616 1887 670 Con-

199 703 427 759 radam
462 696 682 759 ducem
707 698 1054 782 elegerant,
1089 702 1322 761 auxilio
1362 704 1666 761 Lmlovici
1705 703 1889 759 Hun-

200 788 410 868 gariae
434 789 596 869 regis
618 791 968 872 superavit:
1015 812 1048 846 a
1089 791 1364 850 Tartaris
1400 794 1584 850 etiam
1624 790 1887 848 multum

196 873 554 958 patiebatur
580 920 595 951 ,
634 879 746 958 qui
782 879 947 937 inter
993 876 1108 935 alia
1144 878 1316 941 XXI.
1371 880 1541 939 mille
1594 881 1892 960 innupta-

198 985 345 1022 rum
385 963 733 1046 puellarum
756 964 1168 1025 abduxerunt.
1202 968 1490 1026 Ceterum
1518 980 1653 1050 post
1671 970 1890 1023 Boles-

199 1055 291 1111 lac·
322 1065 593 1112 mortem
632 1074 737 1115 sex
774 1076 1082 1113 annorum
1129 1056 1555 1136 interregnum
1610 1067 1886 1112 secutum

197 1153 319 1200 est:
369 1138 435 1218 a)
475 1139 647 1222 cujus
695 1144 959 1225 pertaesi
1013 1163 1298 1224 proceres
1361 1143 1673 1202 communi
1741 1156 1889 1201 voto

201 1228 524 1309 elegerunt
543 1233 996 1288 Przemislaum
1025 1231 1449 1291 Poznaniensis
1482 1230 1651 1289 ducis
1676 1229 1887 1304 filium,

198 1318 313 1398 qui
350 1319 604 1376 titulum
649 1322 893 1396 Regum
916 1342 949 1376 a
987 1316 1327 1399 Majoribus
1365 1342 1477 1402 per
1511 1318 1652 1378 215.
1700 1339 1892 1376 annos

199 1407 619 1465 intermissum
638 1409 1063 1466 consentiente
1086 1406 1379 1466 Pontifice
1399 1408 1665 1488 recepit:
1705 1409 1891 1464 Dan-

201 1495 426 1550 tisczmz
468 1508 682 1553 contra
738 1495 1109 1576 Crucigeros
1160 1497 1461 1569 munivit,
1523 1495 1629 1575 qui
1686 1507 1889 1554 tamen

196 1595 418 1641 octavo
451 1584 769 1664 regiminis
794 1605 1000 1643 mense
1036 1606 1066 1640 a
1093 1581 1456 1641 Marchione
1481 1582 1887 1641 Brandebur-

196 1670 367 1751 gensi
409 1670 744 1729 trucidatus
798 1685 904 1730 est.
948 1672 1111 1728 Huic
1164 1673 1454 1729 successit
1517 1673 1887 1729 Vlaclislaas

196 1759 496 1816 Lokietek
528 1762 635 1840 qui
679 1759 759 1818 ob
799 1760 1109 1840 ignaviam
1151 1772 1212 1817 et
1250 1758 1518 1816 militum
1574 1760 1891 1817 temerita-

195 1860 323 1905 tem
366 1861 832 1920 exauctoratus,
881 1849 944 1904 in
988 1844 1212 1905 throno
1258 1867 1669 1905 successorem
1730 1844 1890 1904 vidit

203 1937 615 1992 Venceslaam
653 1933 1025 2008 Bohemum,
1074 1936 1183 2016 qui
1229 1934 1489 1994 rebelles
1535 1948 1597 1993 et
1634 1937 1890 1991 Lotkie-

197 2025 342 2080 kam
381 2022 774 2105 profligavit,
828 2027 1084 2081 Grossos
1141 2026 1303 2080 lacos
1346 2021 1705 2081 Bohemicos
1743 2021 1887 2081 cudi

197 2112 479 2170 curavit:
527 2112 586 2191 b)
611 2135 740 2194 quo
782 2123 1030 2172 mortuo
1072 2132 1217 2170 mox
1252 2114 1619 2168 Vlczclislcms
1662 2114 1892 2168 Lokie-

195 2202 296 2256 tek
329 2220 524 2281 regno
568 2203 921 2275 restitutuS,
970 2201 1331 2259 Dantiscum
1387 2197 1640 2280 ejusque
1677 2220 1884 2258 arcem

195 2301 413 2346 contra
446 2289 813 2371 Crucigeros
847 2286 1178 2349 defendere
1210 2309 1336 2345 non
1376 2287 1582 2346 valens
1609 2330 1623 2358 ,
1676 2307 1882 2368 neque

196 2377 427 2437 centies
458 2376 624 2436 mille
663 2398 892 2436 marcas
930 2376 1199 2435 latorum
1246 2396 1602 2457 grossorum
1645 2375 1887 2434 solvere

198 2463 426 2536 vellet,
473 2467 669 2546 ipsam
707 2465 929 2524 urbem
965 2487 1183 2546 magna
1228 2464 1537 2544 sanguinis
1585 2462 1892 2522 effusione

198 2553 420 2611 amisit.
477 2555 759 2635 Cumque
795 2554 1114 2634 Crucigeri
1156 2574 1234 2611 ne
1267 2550 1515 2633 quidem
1551 2551 1626 2609 ad
1670 2552 1892 2609 Ponti-

197 2638 327 2699 ficis
370 2640 771 2701 interdictum
808 2662 1010 2701 mores
1050 2655 1110 2700 et
1141 2640 1533 2700 crudelitates
1570 2638 1891 2720 deposuis—

195 2743 369 2804 sent,
423 2733 789 2788 Vladc'slazcs
828 2731 1057 2789 auxilio
1080 2731 1488 2787 Litvanorum
1523 2727 1752 2786 bellum
1819 2728 1891 2785 iis

198 2818 472 2878 inferens
520 2821 619 2877 20.
659 2818 922 2878 millium
961 2816 1133 2877 clade
1183 2815 1552 2900 profligavit.
1635 2816 1884 2874 Succes-

200 2927 404 2966 sorem
435 2904 653 2966 habuit
691 2906 887 2968 filium
944 2909 1317 2966 Casimiram
1377 2907 1484 2963 ΙΙΙ.
1544 2907 1886 2982 Illagmcm,

269 3053 342 3128 a)
381 3056 689 3109 Cromerus.
729 3057 871 3108 Hist.
900 3056 1087 3108 Polon.
1142 3056 1199 3108 L.
1252 3053 1331 3107 10.
1369 3065 1421 3106 ct
1480 3052 1561 3106 11.
1616 3051 1670 3125 h)
1725 3051 1889 3106 idem.
1937 3014 1940 3024 Ι

337 3124 473 3186 ibid.
501 3136 554 3180 ct
590 3127 896 3182 Dubravius
924 3127 984 3180 in
1021 3127 1159 3181 Hist.
1189 3126 1578 3182 Bohemorum.
