1940 3672
618 222 1242 293 Hispanorum.
1573 221 1649 278 17

65 399 455 481 agitabantur
482 395 811 455 Christiani
858 396 1193 479 PrincipeS‚
1239 395 1435 457 donec
1482 411 1609 457 tota
1631 399 1748 458 Hi-

71 492 280 570 spania
339 488 401 544 in
453 484 577 543 duo
650 481 884 566 majora
943 506 1133 565 regna
1187 483 1398 544 fuisset
1449 484 1692 546 redacta
1732 537 1749 565 ‚

64 599 288 659 nempe
329 592 584 648 regnam
637 574 940 629 Castiliae
1004 584 1067 629 et
1118 573 1558 650 Art-agoniae,
1616 598 1745 657 quo

68 676 348 746 tempore
377 661 616 739 Regum
661 671 925 741 potestas
963 657 1101 741 jure
1131 662 1544 721 Comitiorum
1589 685 1752 745 quae

79 754 290 808 Corte-s*
330 747 718 806 vocabantur
752 751 1086 808 constricta
1136 747 1254 808 fuit
1279 795 1293 823 ‚
1338 751 1432 808 uti
1468 764 1530 809 et
1557 755 1751 814 variis

68 836 361 896 ordinum
412 833 786 917 privilegiis,
830 858 887 892 V.
931 858 985 917 g.
1037 835 1174 919 jure
1220 837 1580 918 emigrandi.
1637 845 1752 900 Or·-

63 929 235 981 dines
298 936 506 982 autem
582 925 1038 982 constituerunt
1105 925 1407 999 praelati,
1454 927 1753 1005 Nobiles,

68 1012 364 1093 Equitum
402 1007 684 1086 Ordines7
706 1025 766 1070 et
811 1010 993 1092 legati
1018 1011 1367 1071 Civitatum.
1459 1013 1534 1071 In
1562 1016 1756 1077 Arra-

66 1101 249 1182 gonia
303 1099 1104 1182 praecipuus-Magistratus
1155 1102 1495 1160 vocabatur
1555 1108 1779 1166 chsti-'

73 1191 304 1245 tiarizcs
351 1191 629 1264 stIagnas
651 1234 669 1260 ‚
717 1189 826 1270 qui
867 1201 1003 1246 erat
1032 1186 1265 1248 vindex
1304 1188 1544 1269 legum,
1590 1206 1652 1252 et
1691 1198 1756 1254 in

71 1275 354 1357 eligendo
392 1297 538 1355 rege
568 1296 828 1357 magnae
855 1276 1257 1335 auctoritatis.
1347 1278 1487 1347 Quo
1512 1281 1575 1337 in
1619 1282 1757 1342 Sta-

68 1377 138 1422 tu
192 1366 553 1440 Alphonsas
614 1365 754 1423 Rex
805 1363 969 1445 leges
1034 1386 1069 1421 a
1116 1363 1456 1446 majoribus
1510 1369 1631 1428 suis
1689 1373 1757 1430 in

68 1451 382 1534 Hispaniis
429 1451 612 1526 latas,
673 1473 815 1510 cum
860 1453 1068 1512 variae
1117 1451 1452 1512 admodum
1500 1469 1563 1515 et
1604 1478 1754 1517 con-

67 1538 235 1599 fusae
286 1553 517 1613 essent,
567 1562 680 1623 per
718 1541 1117 1600 Doctissimos
1166 1541 1355 1600 Viros
1412 1543 1475 1598 in
1515 1559 1756 1605 certum

67 1627 368 1688 Ordinem
445 1626 684 1709 redegit
720 1674 735 1702 ‚
818 1641 881 1687 et
944 1643 1179 1712 septem
1257 1631 1512 1711 integris
1581 1632 1760 1695 libris

69 1738 252 1797 quam
325 1716 818 1776 commodissime
884 1715 1148 1798 digessit.
1201 1719 1268 1796 a)
1359 1719 1560 1780 Porro
1611 1720 1759 1783 haec

75 1804 518 1886 Hispaniarum
563 1803 784 1864 divisio
829 1806 890 1863 in
926 1804 1049 1863 duo
1081 1804 1244 1865 dicta
1283 1826 1472 1889 regna
1510 1807 1757 1872 duravit

75 1915 273 1974 usque
322 1892 398 1950 ad
450 1894 634 1954 1469.
725 1893 867 1963 Quo
914 1896 1346 1952 Ferclinandzcs
1401 1897 1759 1959 Catholicas

78 2003 191 2040 rex
242 1980 628 2061 Arragoniae
679 1983 1078 2042 matrimonio
1135 1981 1379 2064 junctus
1428 2000 1563 2046 erat
1619 2010 1765 2048 cum

78 2070 350 2126 Isabella
387 2068 665 2127 Castiliae
700 2070 982 2150 principe
1007 2115 1021 2141 ‚
1059 2093 1189 2153 quo
1235 2069 1586 2133 felicissimo
1616 2098 1765 2136 con-

74 2156 311 2228 nubio,
390 2178 600 2216 omnes
650 2157 987 2238 Hispaniae
1055 2161 1414 2242 provinciae
1467 2160 1762 2225 Christia-

77 2266 192 2304 nae
249 2247 313 2302 in
365 2267 550 2304 unam
598 2247 981 2304 Ferclinandi
1024 2246 1320 2307 familiam
1378 2251 1761 2314 coaluerunt.

77 2332 260 2392 Unde
303 2334 407 2392 IV.
456 2337 813 2410 Ilispaniae
851 2337 1068 2393 Status
1133 2339 1333 2396 evasit
1384 2339 1551 2399 talis:
1602 2345 1759 2402 Fer-

77 2425 384 2481 dinanclas
437 2424 604 2481 enim
653 2434 895 2482 auctus
927 2425 1206 2506 potentia
1268 2438 1332 2486 et
1395 2431 1636 2510 regniS,
1703 2449 1766 2496 se

82 2514 316 2587 Regem
362 2512 717 2586 fflspazziae
756 2514 966 2571 vocari
1005 2512 1219 2596 jussit3
1265 2514 1525 2577 Veteres
1563 2534 1767 2579 autem

79 2599 324 2678 Regum
367 2599 697 2673 Castellae‚
746 2600 1033 2681 Legionis
1060 2647 1075 2675 ⁷
1134 2616 1198 2663 et
1254 2602 1639 2687 Arragoniae
1680 2610 1766 2666 ti-

79 2685 193 2744 tuli
227 2687 452 2774 sensim
500 2688 927 2748 exoleverunt.
976 2690 1214 2762 Quibus
1249 2693 1313 2750 in
1337 2695 1578 2752 circum
1601 2710 1766 2754 stan-

878 2778 915 2832 b
1574 2784 1675 2842 tiis

148 2980 224 3050 a)
269 2979 531 3033 Antonius
571 2982 997 3034 PanormitanUS.
1035 2982 1097 3035 L.
1144 2983 1189 3034 1.
1214 2984 1282 3035 de
1320 2997 1452 3053 gest.
1490 2989 1759 3061 Alphonsi

236 3051 410 3119 Regis.
460 3071 501 3101 c.
546 3051 594 3104 5.
646 3052 1065 3106 Volaterranissi
1127 3054 1362 3107 Dida'cus
1411 3059 1762 3120 Conaruvias.

236 3123 598 3191 practicarum
647 3122 1048 3192 quaestionum.
1092 3145 1133 3174 c.
1169 3125 1221 3178 ὕὁ
