1940 3672
254 212 340 278 94,
791 216 1202 271 Ilium-id

163 419 305 456 rum
342 391 571 457 bellica
605 396 840 454 virtute
877 396 1106 452 Strabo
1149 390 1295 452 haec
1335 386 1524 450 dicit:
1574 383 1845 454 Univer-

162 508 226 544 sa
274 486 439 544 natio
480 485 698 543 Martis
743 480 945 540 studio
988 480 1282 564 flagranS,
1329 481 1534 539 animo
1573 494 1663 539 est
1690 486 1848 541 stre-

166 596 293 632 nuo
339 586 401 631 et
442 571 628 630 celeri
693 568 769 627 ad
807 567 1182 629 conserenda
1237 567 1502 650 proelia:
1562 566 1840 649 alioquin

165 674 376 720 mente
399 655 655 716 candida
678 671 739 715 et
757 654 1042 737 simplici,
1067 669 1127 716 et
1143 655 1220 714 ab
1238 655 1538 737 improbis
1563 650 1841 716 moribus

160 747 536 806 abhorrente
557 767 570 817 3
619 745 829 823 itaque
854 743 1080 822 injuria
1100 743 1379 818 lacessiti,
1405 742 1666 803 conferti
1693 749 1846 804 coe-

160 847 276 892 unt
311 831 374 891 in
409 832 746 891 certamine
795 834 1041 912 aperte,
1087 828 1386 911 nulloque
1432 830 1692 915 periculi
1726 831 1840 891 ad-

162 919 350 983 eundi
396 931 696 1003 respectu.
767 911 979 975 Tantis
1025 916 1220 1000 igitur
1265 918 1604 978 virtutibus
1661 939 1842 1002 prae-

161 1011 314 1081 diti,
362 1010 549 1069 etiam
590 1004 665 1063 ad
696 1004 1056 1088 Apollinem
1100 1003 1390 1084 Pythium
1414 1020 1476 1066 et
1519 1005 1840 1066 oraculum

163 1095 338 1158 orbis
383 1092 738 1155 vexandum
789 1114 858 1152 ac
918 1090 1304 1176 spoliandum
1353 1093 1615 1177 profecti
1680 1109 1840 1154 sunt.

160 1184 402 1247 ltaliam
444 1205 697 1265 quoque
736 1184 975 1265 saepius
1006 1180 1408 1256 infestarunt3
1453 1182 1721 1240 Romam
1745 1203 1845 1241 ce-

163 1285 392 1358 perunt
441 1285 502 1331 et
544 1268 985 1330 incenderunt:
1033 1268 1407 1352 Capitolium
1445 1267 1842 1341 obsederunt,

161 1362 586 1445 plurimasque
628 1357 840 1417 Italiae
886 1357 1076 1418 urbes
1117 1355 1532 1416 condiderunt
1577 1359 1669 1415 uti
1712 1357 1847 1417 Me-

159 1448 517 1520 diolanum,
563 1448 861 1519 Comum,
922 1448 1239 1517 Brixiam,
1298 1447 1649 1517 Veronam,
1697 1446 1849 1504 Ber-

162 1559 416 1621 gomum
437 1581 453 1610 ,
500 1533 871 1595 Tridentum
896 1578 913 1607 ,
944 1533 1295 1594 Vicentiam
1329 1547 1441 1592 etc,
1481 1530 1625 1591 hinc
1648 1531 1847 1592 solum

157 1625 235 1684 ad
266 1623 590 1685 Gallorum
628 1642 854 1683 nomen
886 1618 1007 1704 jam
1039 1639 1431 1702 summopere
1466 1619 1848 1703 trepidantes

159 1714 426 1773 Romani
479 1711 658 1795 plane
691 1711 826 1792 lege
863 1717 1190 1771 saxerunt:
1231 1718 1300 1766 ut
1340 1707 1696 1767 Sacerdotes
1731 1710 1846 1765 im·-

158 1823 373 1862 munes
419 1813 620 1860 essent
663 1823 697 1858 a
729 1798 967 1872 militia,
1013 1799 1130 1856 nisi
1158 1795 1335 1856 bellis
1362 1793 1627 1853 Gallicis.
1675 1796 1847 1866 Quo-

148 1900 302 1948 'rum
348 1903 546 1947 tamen
594 1888 672 1967 a)
721 1886 1060 1969 potentiam
1111 1886 1320 1942 Julius
1387 1884 1621 1940 Caesar
1682 1881 1840 1943 adeo

159 1979 380 2060 fregit,
426 1988 495 2035 ut
524 1975 826 2034 intestinis
871 1972 1240 2034 factionibus
1308 1969 1591 2054 fatigatos
1632 1969 1842 2030 Gallos

158 2065 408 2125 tandem
465 2066 529 2123 in
593 2064 991 2123 Provinciam
1066 2063 1412 2119 Romanam
1489 2057 1839 2141 redegerit:

165 2175 434 2237 quorum
482 2151 594 2211 sub
649 2153 923 2236 Imperio
971 2149 1336 2231 conquievit
1404 2146 1603 2205 Gallia
1651 2168 1851 2230 usque

160 2243 236 2304 ad
275 2243 628 2299 Honor-iam
651 2239 1005 2300 Occidentis
1038 2239 1520 2319 Imperatorem:
1569 2256 1699 2318 quo
1746 2258 1846 2295 re-

158 2344 388 2416 gnante
436 2331 498 2387 in
547 2327 961 2388 barbarorum
1000 2327 1174 2385 venit
1220 2337 1617 2408 potestatem,
1680 2325 1845 2383 inter

160 2441 315 2504 quos
348 2418 663 2500 praecipui
709 2429 886 2475 erant
936 2416 1176 2471 Franci
1211 2415 1320 2493 qui
1371 2414 1556 2472 etiam
1606 2411 1846 2493 regioni

157 2529 386 2568 nomen
428 2526 606 2565 suum
660 2506 1084 2588 imponentes,
1153 2499 1443 2584 deinceps
1501 2502 1846 2558 Franciam

162 2606 494 2656 vocarunt:
557 2614 745 2673 quam
801 2588 1376 2651 Nomenclationem
1412 2590 1599 2648 etiam
1660 2585 1845 2646 hodie

155 2686 446 2745 retinent.
495 2680 742 2740 Horum
801 2679 1183 2739 Francorum
1242 2677 1445 2760 prima
1494 2672 1742 2760 Epocha
1781 2675 1844 2754 b)

1670 2784 1765 2820 in-

233 2874 296 2947 a)
332 2873 508 2926 Julius
543 2871 750 2924 Caesar.
782 2869 849 2920 dc
886 2868 1031 2922 bello
1051 2867 1257 2920 Gallico
1294 2864 1363 2933 b)
1401 2865 1641 2918 Primam
1676 2864 1846 2917 Fran-

318 2959 508 2996 corum
539 2959 731 3012 regum
765 2940 964 2992 lineam
1005 2938 1216 2991 faciunt
1242 2937 1581 3007 Scriptores,
1621 2952 1758 3006 quos
1789 2953 1846 2986 in

321 3028 550 3085 corpore
614 3029 714 3062 suo
771 3009 1044 3063 Historiae
1080 3007 1346 3077 congessit
1385 3006 1653 3063 Frehe‘rus
1700 3005 1846 3056 Mar-

321 3082 580 3155 quardus:
611 3081 690 3135 uti
707 3080 959 3149 Gregorii
977 3078 1314 3132 Turonensis
1349 3095 1533 3152 opera.
1563 3084 1616 3126 et
1651 3073 1848 3129 frede-

321 3154 459 3223 garii
497 3151 825 3206 Chronicon.
