1940 3672
266 237 385 297 180
782 230 1227 287 Historia

165 395 262 482 jus
295 416 456 455 uxor
493 415 614 453 una
656 414 799 453 cum
842 391 1054 454 liberis
1089 392 1213 478 jam
1251 404 1426 452 antea
1475 390 1536 450 in
1588 390 1850 452 Galliam

166 507 231 555 se
269 483 523 564 recepit.
568 479 650 557 a)

338 572 545 631 XXV.
622 570 929 626 Oliverius
1017 569 1405 627 Cromwellas
1482 579 1841 640 usurpator.

166 662 315 721 Post
353 655 601 717 caedem
660 656 868 711 Caroli
905 656 1097 735 regis,
1164 674 1401 714 summa
1442 655 1698 734 Imperii
1735 676 1846 736 po-

167 762 352 807 testas
397 764 583 826 penes
630 744 967 799 oliverium
1013 739 1290 801 factionis
1326 741 1542 800 ducem
1588 744 1848 815 mansit,

170 837 282 917 qui
312 846 637 915 postquam
671 829 940 887 Scotiam
970 841 1031 887 et
1065 828 1436 889 Hiberniam
1474 844 1716 888 [errore
1753 851 1851 888 re-

164 922 488 1005 plevisset,
547 929 609 976 et
646 917 804 975 caesi
847 917 1007 996 regis
1053 912 1249 974 filium
1301 919 1590 976 Cat-olam
1644 931 1854 999 pater-

163 1032 317 1068 num
377 1026 637 1087 regnum
694 1003 815 1063 sibi
867 1001 1283 1063 vindicantem
1350 1025 1490 1064 cum
1562 1003 1849 1063 omnibus

164 1096 480 1155 Gallorum
521 1093 713 1174 copiis
752 1114 787 1152 e
824 1092 1142 1151 Britannia
1182 1089 1488 1173 ejecisset3
1532 1093 1849 1151 communi

161 1183 514 1265 Anglorum
565 1192 713 1240 voto
753 1182 1078 1238 Protector
1113 1182 1385 1257 Angliae
1407 1227 1426 1253 ,
1495 1182 1740 1237 Scoticze
1790 1189 1850 1235 et

161 1274 508 1330 Hiberniae
537 1267 830 1327 salutatus
867 1282 990 1326 est:
1029 1269 1138 1350 qui
1176 1270 1472 1327 continuo
1511 1269 1706 1348 Regio
1739 1287 1852 1325 no-

160 1363 329 1420 mine
395 1358 742 1429 abstinenS‚
822 1358 988 1438 regia
1051 1369 1255 1416 tamen
1322 1369 1622 1439 potestate
1671 1375 1854 1426 usus,

164 1462 418 1508 cunctos
463 1445 579 1505 sibi
617 1465 837 1526 parere
876 1444 1186 1525 compulit.
1236 1445 1393 1503 Cum
1439 1444 1682 1503 Batavis
1720 1441 1852 1502 bel-

164 1536 294 1595 lum
343 1536 526 1616 gessit
577 1533 869 1612 quoniam
912 1534 1066 1592 caesi
1115 1534 1276 1613 regis
1313 1530 1506 1590 filium
1559 1533 1853 1589 Carolccm

165 1623 327 1706 apud
362 1644 464 1683 eos
502 1622 879 1680 commorari
926 1619 1354 1694 intellexisset3
1401 1641 1588 1701 quem
1633 1641 1711 1678 ne
1751 1615 1854 1676 di-

165 1713 333 1771 utius
377 1710 753 1779 tolerarent,
801 1728 902 1766 eos
948 1709 1098 1765 inita
1145 1705 1563 1789 pacificatione
1604 1727 1856 1788 permo-

163 1803 271 1859 vit.
354 1799 781 1879 Hispanorum
823 1794 1086 1854 Classem
1139 1816 1216 1854 ex
1256 1795 1546 1854 America
1584 1792 1853 1852 redeun-

164 1903 290 1947 tem
338 1887 576 1967 magnis
617 1882 1007 1943 detrimentis
1033 1927 1049 1955 ‚
1111 1884 1237 1941 imo
1275 1880 1581 1942 hostiliter
1617 1881 1854 1940 lacessi-

165 1979 258 2036 vit
304 1988 365 2034 et
416 1974 745 2032 Jamaicam
785 1970 1106 2030 Americae
1144 1968 1404 2030 insulam
1457 1968 1678 2028 ditioni
1721 1969 1853 2026 An-

167 2064 415 2146 glorum
465 2057 744 2141 subjecit,
790 2058 1248 2141 Parlam-entum
1274 2057 1546 2131 sustulit,
1623 2072 1685 2116 et
1723 2057 1855 2116 bel-

166 2153 355 2211 licum
424 2148 767 2209 Consilium
825 2145 994 2228 quod
1058 2168 1168 2206 suo
1239 2146 1551 2206 arbitratu
1604 2145 1852 2204 flectere

161 2251 425 2311 noverat
464 2238 737 2302 retinuit,
807 2234 998 2295 Gallis
1053 2234 1345 2296 adversus
1398 2236 1705 2315 Hispanos
1749 2255 1855 2292 au-

162 2328 318 2389 xilio
367 2324 524 2401 fuit,
591 2322 766 2409 cujus
819 2325 1170 2406 proemium
1211 2322 1329 2383 fuit
1378 2324 1711 2383 Dic'nkirke
1751 2341 1856 2382 oc—

1579 2432 1765 2494 cupa-

167 2511 242 2523 —-

228 2585 302 2660 a)
365 2584 545 2639 Caroli
595 2584 636 2636 Ῑ.
693 2582 992 2635 Historiam
1043 2582 1167 2636 vide
1223 2602 1310 2655 ap.
1362 2583 1744 2640 Jonstonium,
1799 2591 1854 2634 et

300 2658 499 2726 Georg.
544 2653 694 2708 Laeti
736 2654 792 2705 in
828 2652 1072 2705 Theatro
1109 2654 1434 2707 Britannico,
1477 2654 1671 2722 Georg.
1705 2653 1851 2703 Hor-

296 2728 418 2778 nius
467 2724 755 2792 descripsit
790 2741 873 2775 res
913 2725 1131 2794 Angliae
1169 2725 1235 2776 ab
1282 2744 1369 2778 an.
1418 2723 1565 2776 1645.
1598 2721 1848 2774 —1647.

299 2797 581 2849 wilhelm.
627 2795 1035 2847 Sanslersonius.
1082 2795 1378 2847 Historiam
1430 2797 1571 2847 vitae
1605 2804 1658 2846 et
1706 2793 1852 2844 necis

299 2868 479 2919 Caroli
501 2869 542 2922 Ι.
560 2866 802 2936 prodivit
821 2865 1076 2917 Londini.
1101 2865 1252 2918 1656.
1268 2866 1323 2917 in
1344 2863 1422 2917 1⁶2.
1446 2865 1673 2919 Robert.
1692 2864 1852 2914 Man-

294 2939 403 2991 lius
439 2937 655 3008 scripsit
689 2936 1121 2988 Commentarios
1157 2936 1223 2986 de
1260 2935 1558 2989 rebellione
1596 2932 1852 3003 Anglica-

296 3027 364 3060 na
409 3008 476 3060 ab
509 3026 556 3058 a.
595 3004 1012 3064 1640.—1649.
1049 3005 1313 3063 Londini.
1355 3004 1504 3059 1686.
1549 3007 1605 3058 in
1654 3004 1705 3058 8.
1742 3002 1848 3054 huc

291 3087 499 3152 spectat
537 3079 737 3147 Georg.
777 3077 992 3130 BateUS.
