1940 3672
642 182 1122 240 Tul-coram.
1512 164 1634 234 565

45 370 301 427 Alexizcs
347 368 679 423 Conznenas
726 373 868 418 ante
911 359 1057 431 250,
1105 376 1296 417 annos
1329 353 1725 418 fundaverati

47 471 222 541 capta
286 455 443 513 urbe
516 454 830 523 TrapeZO,
897 450 1140 506 Davide
1218 447 1516 503 Com‘tzen'o
1580 459 1729 527 rege

50 560 230 628 capto
293 563 360 600 ac
420 561 557 599 cum
608 540 777 595 omni
839 534 1067 593 familia
1126 532 1729 615 Constantinopolim

51 633 373 707 abducto,
448 626 629 687 1461.
700 622 974 682 funditus
1044 622 1291 683 delevit.
1381 622 1592 702 Atque
1647 623 1732 678 ita

51 723 317 780 extincta
378 725 466 775 est
519 710 882 772 Monarchia
929 713 1241 782 Romana,
1288 733 1365 770 ex
1411 707 1582 792 cujus
1640 712 1730 769 ci-

50 808 302 867 neribus
374 804 614 861 surexit
669 823 902 859 novum
956 801 1300 883 Imperium
1356 799 1729 870 Turcicum,

54 893 226 976 quod
302 889 483 950 hodie
552 891 735 948 etiam
815 887 1011 946 floret.
1091 888 1157 966 a)
1238 887 1561 944 Amaratlz
1630 884 1729 944 hic

58 983 440 1057 Stephanum
489 979 750 1036 Bosniae
804 998 1016 1057 regem
1057 973 1296 1035 Occidit⁶
1388 973 1542 1031 Cum
1579 975 1731 1032 Per-

53 1074 131 1130 sis
186 1083 247 1129 et
298 1065 727 1126 Genuensibus
777 1062 1042 1124 feliciter
1086 1062 1378 1136 bellavit,
1425 1060 1735 1121 Moldavia

50 1181 150 1217 am
184 1157 484 1227 vastavit,
524 1153 691 1212 Italis
739 1154 962 1211 terrori
1012 1150 1162 1227 fuit,
1209 1163 1299 1210 ast
1344 1173 1377 1207 a
1412 1152 1731 1224 Stephano

48 1247 358 1306 Bathorc'o
406 1246 469 1300 in
509 1240 830 1323 Hungaria
876 1244 1059 1300 1480.
1108 1261 1326 1321 magna
1377 1236 1550 1297 clade
1589 1238 1734 1296 affe-

50 1347 180 1393 ctus
227 1347 343 1392 est:
397 1344 532 1414 post
571 1352 729 1413 quae
771 1329 916 1388 dum
957 1351 1176 1411 magna
1222 1326 1547 1386 moliretur
1579 1326 1737 1385 obiit

58 1422 240 1482 1481.
288 1423 385 1478 cui
430 1422 733 1483 successit,

229 1511 574 1579 Bajazetes
631 1507 706 1564 II.
786 1527 820 1561 a
903 1505 1318 1586 praetorianis
1396 1503 1735 1586 praeterito

54 1598 244 1657 fratre
284 1599 518 1653 Zizimo
566 1594 898 1678 imperium
934 1593 1220 1652 obtinens
1245 1636 1260 1665 ,
1307 1613 1569 1672 regnum
1608 1612 1738 1647 ma-

57 1709 173 1768 gna
223 1684 418 1766 gloria
464 1687 663 1743 tenuit
693 1729 710 1754 ,
774 1683 1275 1755 Caramanniam,
1322 1678 1743 1741 Bessarabiam

55 1775 416 1855 occupavit,
466 1771 789 1831 infeliciter
851 1770 1243 1851 Hungariam
1296 1791 1552 1852 quoque
1606 1781 1740 1827 ten-

60 1876 193 1920 tans
253 1860 502 1919 demum
563 1861 628 1916 in
686 1859 934 1916 Croatia
989 1860 1313 1917 victoriam
1369 1858 1735 1939 reportavit.

57 1951 276 2008 Frater
336 1947 462 2029 ejus
541 1949 812 2004 Zizimas
881 1945 1301 2007 exclusionem
1351 1947 1430 2006 ab
1480 1946 1743 2028 imperio

58 2035 441 2119 aegreferens
485 2035 561 2094 ad
605 2035 983 2094 Christianos
1038 2033 1400 2115 transfugit,
1468 2055 1742 2116 qnorum

62 2127 246 2185 Sacra
310 2123 627 2206 amplexus
670 2168 684 2193 ,
744 2121 895 2181 dum
957 2123 1188 2181 auxilio
1249 2122 1741 2182 Christianorum

61 2217 403 2297 Imperium
467 2210 854 2271 revindicare
902 2225 1273 2287 conaretur,
1322 2214 1386 2268 in
1446 2211 1614 2269 Italia
1664 2231 1741 2268 ex

62 2301 297 2362 insidiis
331 2300 604 2361 decessit.
697 2304 1045 2381 Imperator
1094 2322 1243 2359 vero
1292 2301 1579 2359 intestino
1613 2296 1747 2357 bel-

63 2391 124 2450 lo
171 2389 458 2471 fatigatus
497 2435 511 2463 ,
575 2411 834 2449 suorum
888 2390 1343 2471 conspiratione
1394 2385 1745 2471 compulsus

68 2481 413 2561 Imperium
476 2475 603 2536 filio
649 2499 761 2537 suo
812 2480 1034 2536 Selimo
1081 2475 1370 2551 tradidit,
1409 2500 1502 2535 an.
1537 2477 1749 2534 aetatis

72 2568 169 2633 76.
216 2564 322 2626 Ch.
380 2566 563 2626 1512.
613 2567 674 2645 h)

1504 2654 1662 2710 Seli-

141 2823 210 2884 cz)
252 2819 474 2870 Leuncl.
513 2819 577 2873 L,
618 2817 700 2870 15.
741 2839 791 2889 p.
830 2819 1258 2896 578.seq.·A11n.
1299 2819 1466 2925 ΤιέὶὊ.
1502 2810 1748 2893 12ῗ.εεᾳ.

212 2888 1516 3030 {iiiiiiclflllillel6.L·p.8·5&SqllfiiilffDXciinI‘T-dur-css
1544 2895 1605 3007 cl)-
1629 2883 1748 3008 lbbss).

211 3048 319 3098 seq.
370 3029 578 3080 Boulin.
614 3032 746 3086 Dec.
785 3029 835 3084 4.
874 3032 937 3085 L.
975 3029 1021 3082 6.
1060 3032 1268 3087 Jovius.
1320 3030 1460 3082 Hist.
1497 3028 1581 3078 sui
1609 3036 1754 3077 tem-—

216 3100 364 3169 poris
407 3101 468 3151 L.
511 3098 590 3151 13.
636 3098 715 3151 14.
757 3100 973 3152 Thuan.
1015 3103 1077 3158 L.
1118 3100 1205 3153 47.
