1940 3672
683 174 793 227 Ta
821 188 1177 225 reorum.
1546 162 1666 220 557

74 355 304 437 gypffii,
365 355 641 425 Turcae‚
701 349 1106 432 Mogolenses.
1177 345 1512 409 Variarum
1557 356 1763 402 autem

75 447 398 502 Sectarum
428 441 678 500 nomina
710 452 1061 498 memorant
1097 439 1193 496 72.
1229 432 1460 516 quibus
1488 451 1766 490 commu-

77 552 156 589 ne
195 550 421 589 nomen
464 541 554 586 est
586 530 1175 586 Mzcsalmamzoram
1223 537 1294 581 ut
1334 522 1764 596 Hottingeras

77 633 138 677 et
177 618 280 676 alii
335 615 629 676 referunt.
699 616 799 676 Ad
850 636 1070 674 eorum
1119 606 1609 671 Consvetudines
1651 608 1769 662 im-

77 708 290 787 primis
326 706 643 786 pertinent
673 706 880 763 variae
911 703 1376 785 superstitiones
1399 739 1414 766 ,
1467 695 1765 777 frequen—

79 807 167 852 tes
192 791 536 852 ablutiones
560 837 576 866 ,
624 793 1026 851 Circumcisio
1053 808 1398 871 puerorum
1423 783 1547 868 jam
1584 804 1770 865 gran-

82 881 494 953 descendum,
542 880 909 941 abstinentia
944 902 979 938 a
1017 879 1217 936 Carne
1247 876 1536 959 porcina,
1583 870 1771 930 suffo-

76 983 211 1036 cato
270 982 332 1028 ct
374 971 707 1050 sangvine,
741 969 1000 1029 crebrae
1038 966 1597 1048 peregrinationes,
1666 961 1773 1017 in-

83 1058 298 1142 primis
333 1054 410 1114 ad
454 1059 751 1115 Meccam.
801 1058 882 1137 a)

251 1144 294 1221 ᾗ.
348 1148 400 1204 5.
457 1149 677 1203 Status
736 1147 1039 1204 Politiczcs
1093 1155 1154 1200 et
1210 1144 1443 1197 Forma
1489 1138 1770 1215 Regimi-

79 1235 188 1290 nis,
238 1233 312 1291 In
359 1233 634 1302 Historia
677 1236 942 1293 Turcica
997 1231 1151 1290 duae
1194 1230 1560 1312 praecipuae
1609 1226 1775 1305 Epo-

82 1319 226 1386 chae
259 1320 564 1389 notandae
594 1335 772 1395 sunt3
804 1335 996 1404 prout
1016 1319 1303 1378 videlicet
1324 1318 1557 1375 Turcae
1589 1315 1774 1371 Prin-

79 1410 313 1486 cipibus
360 1412 490 1469 sive
550 1412 867 1484 Caliplzis7
916 1407 1061 1468 dein
1108 1402 1599 1489 Imperatoribus
1660 1404 1774 1459 Ot-

80 1501 403 1555 tomatzieis
449 1511 808 1582 paruerunt.
872 1498 1285 1576 Posteaquam
1326 1493 1491 1552 enim
1530 1487 1776 1570 Scythi-

81 1607 187 1646 cae
227 1586 530 1668 quaedam
567 1600 776 1669 gentes
820 1584 896 1643 ad
934 1586 1183 1643 initium
1219 1579 1423 1641 Seculi
1459 1578 1628 1637 VIII.
1664 1598 1779 1659 per

83 1687 292 1759 portas
353 1677 600 1758 Caspias
661 1689 723 1733 et
778 1675 1061 1737 Montem
1114 1673 1451 1730 Caucasum
1502 1686 1782 1748 egressae

86 1762 293 1831 sedem
337 1762 613 1822 fixissent
654 1764 716 1830 in
761 1784 833 1821 eo
874 1763 1059 1821 Asiae
1097 1772 1337 1831 tractu,
1383 1757 1495 1840 qui
1533 1755 1784 1815 nomine

90 1853 394 1932 Georgiae
435 1865 496 1910 et
533 1852 1024 1910 Turcomanniae
1070 1852 1346 1908 noscitur
1373 1892 1388 1921 ,
1435 1866 1578 1904 cum
1616 1843 1782 1900 vici—

93 1941 185 1997 nis
232 1940 545 2007 Saracenis
604 1938 820 2006 eodem
881 1937 1101 1998 Seculo
1159 1950 1296 2020 post
1353 1935 1525 1999 varia
1579 1930 1782 2004 bella,

18 2057 22 2060 ·
97 2029 401 2110 imprimis
454 2027 770 2107 religionis
808 2030 1002 2109 gratia
1042 2030 1103 2083 in
1139 2047 1325 2092 unam
1364 2032 1612 2105 gentem
1643 2039 1787 2077 coa-

96 2116 381 2192 luerunt3
466 2114 865 2174 nihilominus
935 2129 1141 2181 tamen
1208 2114 1536 2192 utriusque
1591 2108 1791 2191 gentis

99 2207 344 2264 unitum
399 2205 1024 2288 Imperium‘sensiin
1083 2205 1147 2260 in
1202 2203 1405 2259 varias
1461 2196 1789 2277 Dynastias

97 2316 202 2362 seu
239 2291 596 2374 Calipliatus
646 2307 781 2359 erat
824 2292 1095 2351 divisum
1121 2335 1137 2366 ,
1201 2293 1366 2358 inter
1401 2306 1558 2371 quos
1617 2286 1791 2342 Calc·-

1531 2374 1704 2450 phas

169 2553 246 2624 a)
285 2553 504 2614 Praeter
541 2554 768 2618 citatos,
818 2553 926 2606 huc
973 2551 1213 2604 faciunt:
1269 2549 1493 2617 Georgii
1531 2547 1798 2600 Elmacini

256 2623 532 2682 Historia
568 2625 919 2676 Sarac-enim
958 2642 1083 2683 cum
1115 2621 1364 2675 versione
1408 2621 1602 2673 Latina
1639 2617 1687 2667 T
1691 2617 1799 2668 ho-

257 2711 376 2744 mae
425 2694 684 2764 Erpenii,
733 2694 992 2762 Lugduni
1035 2695 1363 2745 Batavorum
1406 2688 1558 2741 1625.
1617 2687 1801 2739 conti-

264 2773 357 2815 net
390 2764 815 2833 Chronologiam
845 2763 1235 2815 Muslimorum
1260 2781 1289 2813 a
1323 2758 1648 2812 Mahomede
1680 2757 1801 2828 pri-

262 2853 356 2885 mo
412 2835 711 2904 Religionis
761 2843 1002 2884 auctore.
1059 2834 1195 2884 Item
1243 2830 1499 2883 Roderici
1549 2826 1804 2879 Ximenis

260 2903 537 2956 Historia
582 2902 867 2958 Arabum.
920 2904 1152 2954 Annales
1213 2900 1673 2953 Othmanidarum
1722 2897 1804 2948 la-

263 2974 376 3024 tine
410 2975 651 3026 reddidit
678 2975 908 3027 ,Ioannes
939 2972 1296 3025 Leunclavius
1326 2988 1496 3042 usque
1527 2989 1615 3022 an.
1653 2966 1807 3022 1588.

268 3043 636 3097 Franoofurti.
676 3054 776 3097 ete.
