1940 3672
535 193 1171 265 Hispanorum.
1570 175 1650 236 59

58 389 196 450 est,
257 373 528 435 obtinuit
582 369 754 430 enim
823 368 1148 439 Parmam,
1230 358 1638 437 Placentiam,
1683 374 1747 422 et

60 463 432 523 Guastallam
464 463 528 517 in
571 456 760 517 ltalia..
854 457 1001 517 Post
1045 475 1240 537 quae,
1287 471 1467 510 curas
1509 470 1643 529 suas
1666 448 1745 508 ad

65 549 402 611 ornandam
439 544 1000 629 percolendamque
1018 563 1189 602 suam
1208 539 1572 622 Hispaniam
1596 557 1748 596 con-

67 653 354 710 vertenS‚
414 632 783 696 industriam
834 634 1069 695 civium
1122 632 1326 690 varias
1371 628 1639 688 officinas
1686 636 1751 685 et

66 725 324 785 fabricas
360 720 656 804 erigendo
702 723 1043 806 promovit,
1090 742 1212 802 qua
1248 720 1348 776 via
1380 718 1512 776 sine
1534 734 1751 795 aggra-

69 817 176 872 vio
217 812 485 885 civium,
551 824 659 869 aut
703 812 992 869 auctione
1041 809 1458 878 tributorum,
1520 801 1751 863 exhau-

67 915 226 959 stum
261 912 439 958 antea
483 899 795 958 aerarium
834 897 1268 980 locupletavit3
1325 895 1435 976 qui
1481 890 1625 950 alias
1677 889 1753 948 li-

62 1001 161 1046 cet
199 989 365 1069 pacis
424 986 903 1047 studiosissimus
965 998 1153 1059 esset,
1222 982 1510 1041 militiam
1550 993 1758 1040 tamen

63 1097 286 1156 magno
333 1097 595 1137 numero
638 1077 702 1151 in
731 1076 1029 1135 continua
1075 1072 1520 1133 exercitatione
1568 1067 1758 1142 aluit3

63 1163 438 1245 classemque
461 1163 930 1248 multiplicavit,
979 1164 1144 1227 inter
1181 1179 1333 1243 quas
1371 1155 1753 1243 reipublicae

60 1273 236 1311 curas
283 1266 565 1314 mortuus
602 1266 694 1314 est
745 1253 932 1318 1759.

223 1340 335 1398 IX.
389 1342 650 1400 Carolus
695 1343 822 1402 III.
875 1338 1158 1413 Philippi
1211 1337 1286 1393 V.
1335 1331 1496 1393 filius
1546 1332 1756 1391 minor

58 1442 245 1502 nam,
291 1449 360 1486 ac
404 1432 591 1513 proin
628 1431 1018 1491 Ferdinandi
1040 1430 1129 1489 II.
1165 1423 1394 1498 frater,
1418 1434 1597 1483 antea
1620 1422 1758 1480 Rex

63 1515 507 1600 Neapolitanus
533 1564 548 1592 ,
593 1516 870 1577 Siciliam
908 1516 1215 1586 obtinuit,
1262 1532 1653 1594 quolrerum
1694 1510 1761 1566 in

62 1619 223 1664 statu
252 1609 589 1666 conventio
608 1605 1131 1688 Aquisgranensis
1164 1600 1488 1665 observari
1508 1597 1761 1657 debuis-

62 1709 154 1754 set
200 1697 313 1753 ita:
362 1709 432 1754 ut
467 1697 530 1757 in
572 1694 778 1758 locum
826 1696 1041 1754 Caroli
1105 1692 1233 1751 III.
1294 1687 1475 1749 electi
1534 1687 1762 1769 Hispa-

62 1784 204 1842 niae
241 1786 407 1864 regis
432 1827 448 1857 ,
495 1785 826 1860 Philippus
871 1782 1217 1842 Parmensis
1269 1777 1398 1836 dux
1438 1798 1618 1836 suum
1648 1773 1763 1833 du-

62 1885 267 1931 catum
304 1872 531 1937 Domui
572 1871 938 1936 Austriacae
972 1867 1249 1931 cedendo
1271 1912 1288 1941 ,
1342 1868 1481 1927 Rex
1519 1865 1765 1947 Neapo-

63 1959 289 2019 litanus
329 1959 704 2042 eligeretur3
750 1960 1003 2021 interim
1049 1979 1246 2041 quum
1269 1977 1473 2037 neque
1515 1954 1762 2036 Neapo-

65 2048 239 2111 litani
279 2071 486 2130 neque
521 2049 780 2132 Hispani
802 2052 866 2108 in
903 2044 1060 2106 hanc
1094 2047 1575 2106 conventionem
1609 2062 1759 2100 con-

64 2138 298 2197 sentire
334 2137 709 2213 voluissent,
766 2140 1028 2196 Carolus
1059 2136 1185 2197 III.
1205 2135 1336 2193 sine
1369 2153 1544 2195 mora
1562 2127 1760 2189 filium

61 2248 241 2285 suum
266 2227 732 2284 Perdinandum
761 2227 1089 2308 utriusque
1116 2223 1363 2287 Siciliae
1392 2221 1630 2302 Regem
1658 2239 1764 2279 co-

60 2315 272 2377 ronari
308 2310 483 2394 jussit
501 2361 516 2389 ,
539 2337 666 2399 quo
689 2313 850 2374 facto
866 2336 943 2374 ne
963 2312 1288 2397 politicum
1318 2309 1763 2393 aequilibrium

67 2407 230 2462 inter
271 2404 590 2487 Principes
635 2404 997 2466 turbaretur
1033 2400 1167 2483 lege
1201 2400 1436 2469 sanxit,
1483 2413 1554 2458 ut
1590 2397 1760 2465 Sici-

62 2491 288 2554 liarum
332 2514 594 2573 regnum
624 2491 914 2574 deinceps
938 2493 1237 2554 continuo
1274 2489 1350 2550 sit
1382 2486 1762 2547 distinctum

65 2581 145 2643 ab
182 2580 513 2662 Hispania,
560 2584 810 2663 suisque
847 2578 1164 2660 Regibus,
1211 2576 1448 2660 legibus
1502 2589 1565 2635 et
1611 2596 1763 2633 con-

67 2668 492 2728 stitutionibus
524 2682 773 2733 utatur:
822 2670 1151 2744 Philippus
1189 2688 1343 2726 vero
1375 2663 1512 2746 jure
1550 2661 1763 2723 haere-

69 2755 297 2815 ditario
319 2757 623 2817 Ducatum
654 2759 1052 2817 Parmensem
1081 2756 1348 2816 retineat
1371 2775 1383 2810 :
1411 2774 1597 2834 quam
1613 2772 1764 2810 con-

68 2845 456 2905 stitutionem
489 2848 722 2905 Domus
764 2843 1084 2903 Austriaca
1129 2862 1383 2923 quoque
1418 2839 1586 2900 bello
1632 2839 1763 2898 Bo-

73 2933 308 2992 russico
376 2935 654 3012 graviter
703 2931 1002 3014 implicita
1039 2927 1397 2991 ratihabuit.
1459 2928 1766 2989 Domesti-

75 3041 211 3080 cam
254 3017 618 3082 seditionem
645 3065 661 3095 ,
711 3019 796 3078 ob
828 3015 1238 3079 inducendam
1273 3013 1597 3078 Gallorum
1620 3036 1766 3077 con·

1542 3124 1682 3164 sve—
