1940 3672
261 221 383 283 116
790 225 1218 282 Historia

167 407 402 463 cirtensi
450 403 631 464 vivus
667 418 879 487 captus
929 418 991 464 et
1022 408 1085 463 in
1131 404 1489 486 Hispaniam
1532 402 1849 478 abductus,

168 493 507 552 durissimis
559 492 1020 552 conditionibus
1066 493 1397 566 liberaum,
1459 514 1599 549 nam
1659 497 1851 549 Flan-
1930 516 1933 518 ·

172 585 411 656 (iriam,
456 584 776 639 Artesiam
795 594 856 639 et
904 584 1248 638 Tol-naccam
1278 582 1424 640 item
1471 583 1849 637 Lac-embar-

158 691 314 748 gam
350 670 586 743 amisit,
633 670 819 725 vicies
842 681 1097 726 centena
1128 668 1316 726 millia
1335 690 1662 726 aureorum
1695 669 1843 726 Cae-

168 758 288 817 sari
343 755 563 829 solvit3
610 752 1011 812 nihilominus
1059 767 1263 814 tamen
1287 768 1536 815 conatus
1571 758 1851 837 Impera-

168 848 318 905 toris
360 842 614 901 obviam
672 841 875 901 eundo
921 844 1185 901 nimium
1256 843 1579 928 impedivit
1629 867 1708 903 ne
1749 866 1850 902 ae-

167 930 536 1014 quilibrium
595 929 980 989 turbaretur.
1054 933 1142 1011 a)
1206 930 1363 989 obiit
1430 955 1479 990 a.
1551 932 1734 990 1547.
1781 942 1850 988 ut

169 1022 466 1102 Princeps
508 1018 865 1078 Literarum
905 1040 1179 1078 summus
1213 1018 1449 1094 fautor,
1497 1023 1594 1078 eui
1631 1020 1845 1078 literae

169 1106 565 1167 humaniores
618 1107 885 1166 multum
936 1105 1204 1182 debent,
1252 1107 1384 1189 ejus
1444 1110 1608 1167 enim
1642 1110 1845 1166 muni-

163 1196 406 1256 ficentia
454 1194 733 1277 undique
775 1197 1065 1277 exquisiti
1113 1209 1290 1255 erant
1325 1194 1713 1255 celeberrimi
1755 1198 1848 1253 vi-

164 1289 260 1360 ri3
330 1298 391 1341 et
447 1281 684 1342 scholae
742 1283 1027 1365 publicae
1083 1287 1381 1343 Lutetiae
1451 1297 1592 1342 sunt
1674 1285 1845 1343 insti-

163 1387 454 1520 tUtaeXII.
547 1461 863 1517 Henriczcs
907 1461 994 1517 II.
1041 1460 1349 1519 Francisci
1396 1464 1437 1517 Ι.
1481 1458 1642 1517 filius
1675 1458 1839 1516 hello

164 1547 564 1608 Smalcaldieo
626 1547 864 1619 clarus,
933 1569 1076 1606 cum
1136 1547 1530 1629 Principibus
1585 1548 1847 1607 Germa-

162 1640 298 1696 niae
340 1635 632 1695 adversus
699 1637 984 1692 carolum
1035 1638 1110 1693 V.
1154 1636 1308 1718 Imp.
1356 1633 1573 1693 infesto
1603 1637 1848 1716 agmine

163 1728 225 1782 in
271 1725 663 1783 Germaniam
706 1721 1016 1805 profectus
1061 1743 1418 1805 praecipuas
1460 1722 1716 1804 Imperii
1761 1721 1845 1779 li-

161 1816 456 1872 mitaneas
501 1812 686 1870 urbes
727 1813 937 1868 [metas
992 1814 1237 1868 Tullum
1269 1823 1331 1870 et
1369 1814 1434 1868 V
1430 1815 1763 1867 eroclmzzmz
1784 1811 1844 1888 b)

163 1904 527 1984 occupavit,
576 1898 653 1957 ad
688 1920 837 1980 quas
881 1896 1260 1981 recipiendas
1302 1899 1651 1982 Imperator
1703 1899 1841 1955 100.

164 1988 355 2048 millia
392 1988 660 2048 militum
725 1989 1025 2045 ineassum
1070 1989 1380 2061 convertit
1402 2035 1418 2061 ‚
1464 2009 1608 2045 nam
1643 1989 1845 2044 Fran-

167 2081 327 2136 cisco
395 2080 612 2135 Gaisio
671 2073 826 2135 duce
864 2075 1198 2135 ‚Metenses
1247 2074 1494 2135 fortiter
1530 2097 1592 2134 se
1627 2073 1845 2134 defen-

163 2165 407 2226 derunt.
455 2168 697 2227 Verum
728 2166 1047 2223 Henricas
1075 2162 1365 2223 adversus
1388 2164 1689 2247 Hispanos
1724 2163 1844 2220 mi-

164 2277 281 2315 nus
323 2253 588 2315 feliciter
609 2255 925 2338 pugnavit,
970 2275 1113 2312 nam
1147 2251 1224 2311 ad
1257 2252 1492 2310 Fanum
1533 2255 1593 2310 S.
1648 2253 1842 2324 Quin-

1635 2342 1754 2397 tim·

229 2552 300 2616 a)
339 2545 662 2601 Guiciardus
694 2546 1010 2599 Franciscus
1045 2546 1108 2600 L.
1167 2543 1244 2598 17.
1277 2543 1559 2596 ThuanUS.
1597 2543 1663 2599 L.
1704 2540 1749 2594 1.
1790 2552 1843 2595 et

317 2618 368 2675 3.
407 2620 596 2671 Petrus
637 2618 943 2669 Matthaeus
982 2618 1039 2668 in
1076 2615 1315 2668 Historia
1349 2615 1625 2669 Franciae.
1682 2612 1837 2664 Pari-

318 2690 428 2740 siis.
465 2687 620 2746 16:51,
660 2687 878 2738 Martin.
911 2686 1266 2757 Bellay.Hist.
1303 2703 1411 2737 rer.
1451 2684 1699 2735 Gallicar.
1740 2682 1840 2733 sub

317 2759 601 2812 Francisco
658 2758 695 2808 Ι.
751 2766 807 2808 et
859 2759 1098 2809 Henrioo
1151 2757 1218 2812 II.
1292 2753 1635 2808 Francoforti
1690 2751 1838 2805 1571.

316 2830 509 2886 Franc.
550 2828 811 2879 Dolettus.
860 2827 1113 2897 Lugduni
1149 2824 1300 2877 1543.
1375 2824 1438 2889 b)
1479 2824 1742 2874 Thuanus
1784 2823 1840 2873 in

313 2899 468 2950 libris
504 2898 868 2950 Historiarum
906 2899 986 2948 sui
1026 2897 1289 2965 temporis
1341 2896 1407 2946 ab
1437 2913 1520 2946 an.
1561 2891 1712 2945 1543.
1745 2912 1838 2943 us-

316 2989 419 3038 que
460 2968 608 3021 1607.
644 2967 796 3020 libris
836 2965 1287 3019 138.Guilielmus
1316 2965 1595 3029 Pal-adini,
1633 2963 1697 3014 de
1718 2980 1840 3013 mo-

318 3042 466 3092 tibus
504 3039 732 3092 Galliae.
771 3038 1025 3107 Lugduni
1077 3035 1233 3090 1558.
1272 3036 1421 3087 Joan.
1473 3036 1737 3086 Serranus
1775 3032 1841 3080 de

327 3119 470 3163 statu
504 3109 800 3179 Religionis
837 3118 890 3160 et
926 3108 1153 3179 Reipub.
1184 3107 1384 3160 Galliae
1407 3106 1659 3160 Genevae.
1701 3100 1852 3156 1572.
