1940 3672
741 193 1202 247 Svecoram.
1588 194 1706 250 227

132 375 371 434 bantur.
419 373 675 432 Interim
711 370 977 427 certiora
1030 360 1171 427 sunt
1217 389 1285 427 ea
1343 389 1499 449 quae
1542 369 1604 426 in
1639 371 1806 453 Epo-

133 463 243 521 cha
314 461 799 521 Christianorum
855 457 1096 538 Regum
1163 470 1505 516 evenerunt
1580 456 1723 516 inde
1773 484 1807 517 a

131 555 335 634 primo
367 551 535 626 Rege
594 543 945 603 Christiano
1015 566 1238 626 nempe
1302 547 1458 602 Olao
1513 546 1807 624 Tretelga

130 660 233 697 seu
269 636 345 694 ab
393 634 532 694 855.
580 654 775 714 usque
837 635 1180 689 Gzcstavum
1231 634 1282 689 I.
1350 655 1455 693 seu
1499 631 1681 694 1528.
1731 635 1808 693 ab

130 748 202 785 eo
244 726 404 782 enim
461 734 741 802 tempore
798 719 1040 802 Regalis
1082 719 1346 802 dignitas
1394 742 1572 780 more
1626 719 1813 780 Chri..

129 814 468 870 stianorum
524 807 781 890 amplius
822 823 955 867 erat
984 805 1260 881 firmata,
1326 812 1433 891 qui
1471 810 1665 892 Reges
1716 832 1810 870 seu

132 898 270 956 culo
321 899 397 954 X.
468 899 670 973 Reges
729 899 1092 971 Upsalenses
1150 895 1557 971 dicebantur,
1604 899 1809 958 seculo

127 986 235 1044 XI.
284 984 496 1042 titulus
536 986 790 1044 Sveciae
838 999 899 1042 et
938 985 1287 1066 Norvegiae
1322 986 1482 1067 regis
1531 986 1809 1060 invaluit,

126 1084 185 1132 et
216 1074 412 1152 Reges
437 1075 772 1131 successive
808 1076 1105 1130 Ηοίιηίαε
1139 1070 1418 1132 habitare
1450 1091 1808 1155 coeperunt,

123 1163 400 1236 awagtzas
435 1164 751 1219 Lccclelczas
793 1183 903 1218 rex
944 1160 1018 1218 ad
1053 1159 1240 1220 finem
1281 1160 1465 1220 seculi
1522 1163 1696 1221 XIII.
1747 1185 1809 1223 se

123 1251 355 1324 Regem
394 1252 577 1308 etiam
628 1251 892 1305 Gothiae
942 1247 1236 1331 appellari
1270 1248 1485 1308 voluit.
1534 1250 1626 1308 Ita
1663 1274 1811 1332 pro-

126 1339 279 1418 priis
311 1337 558 1417 regibus
591 1337 1056 1417 gubernabatur
1074 1337 1290 1395 Svecia
1314 1359 1508 1419 usque
1527 1337 1602 1395 ad
1620 1341 1811 1397 stlat·-

118 1437 412 1500 garetam
444 1427 676 1483 Daniae
730 1426 1051 1505 reginam,
1110 1446 1269 1506 quae
1318 1448 1368 1482 a.
1423 1426 1610 1486 1597.
1662 1449 1811 1485 con-

123 1516 355 1572 vocatis
399 1517 589 1573 trium
656 1535 997 1595 regnorum
1047 1512 1657 1594 Septemtrionalium
1692 1517 1812 1575 Or-

121 1598 410 1673 dinibus,
463 1603 703 1661 Sancita
762 1605 980 1660 unione
1043 1603 1457 1659 Calmariensz'
1501 1601 1764 1661 Daniam
1793 1650 1809 1677 ,

121 1688 499 1771 Norvegiam
539 1704 602 1749 et
647 1693 913 1749 sveciam
955 1691 1013 1747 in
1055 1711 1250 1748 unum
1284 1711 1510 1774 corpus
1554 1690 1809 1773 redegit,

124 1798 284 1856 quae
331 1799 666 1858 regnorum
714 1780 863 1835 unio
917 1775 1061 1835 licet
1112 1779 1349 1860 saepius
1418 1781 1806 1863 interrupta,

121 1865 368 1923 duravit
421 1888 614 1946 usque
667 1887 896 1923 annum
954 1866 1137 1924 1525.
1200 1888 1326 1946 quo
1383 1870 1700 1926 Gustavus
1757 1872 1808 1927 J.

124 1967 437 2034 tamquam
482 1953 782 2013 libertatis
834 1954 1119 2013 Svecicae
1160 1952 1392 2014 vindex
1426 1970 1488 2016 et
1522 1972 1807 2031 assertor,

121 2040 320 2124 palam
357 2043 492 2101 Rex
524 2042 783 2101 Sveciae
821 2040 1245 2101 declarabatur
1269 2088 1285 2117 ,
1323 2065 1712 2126 regnumque
1746 2049 1809 2105 in

131 2133 587 2186 Gustcwianam
646 2127 1058 2189 haereditario
1110 2128 1247 2211 jure
1303 2132 1806 2194 transferebatur.

121 2218 287 2276 Hinc
349 2219 523 2277 Sveci
552 2263 567 2291 ,
614 2220 723 2299 qui
766 2232 939 2277 antea
980 2240 1229 2278 omnem
1280 2217 1538 2301 gloriam
1572 2223 1635 2281 in
1667 2223 1809 2283 solis

126 2308 312 2364 armis
348 2306 699 2365 locaverant
724 2352 738 2379 ,
787 2309 1168 2388 experientia
1204 2308 1363 2368 tristi
1414 2309 1769 2371 didicerunt
1793 2359 1807 2387 ,

125 2394 301 2453 facile
345 2393 686 2453 mobilitate
726 2391 1015 2455 fortunae
1040 2441 1055 2470 ,
1102 2394 1268 2455 bello
1303 2400 1594 2480 acquisita
1625 2403 1810 2459 amit-

120 2485 167 2542 ti
217 2504 423 2564 posse3
472 2481 610 2542 ideo
654 2483 813 2541 serio
874 2481 949 2540 ad
986 2485 1150 2566 pacis
1190 2498 1348 2544 artes
1387 2489 1662 2547 animum
1704 2489 1812 2549 sse-

123 2585 385 2644 Xerunt3
433 2583 493 2629 et
549 2584 850 2651 quantum
901 2571 1050 2630 olim
1102 2573 1166 2629 in
1205 2572 1530 2635 dilatandis
1583 2575 1809 2637 finibus

127 2673 302 2719 erant
350 2658 638 2730 distenti,
680 2671 919 2716 tantum
948 2657 1130 2719 hodie
1162 2679 1547 2744 occupantur
1584 2666 1645 2721 in
1682 2679 1807 2724 stu-

127 2745 231 2805 dio
285 2761 481 2822 arteS,
536 2747 744 2805 literas
794 2759 856 2805 et
898 2762 1312 2806 mercaturam
1354 2752 1805 2832 promovendi,

122 2833 446 2915 mediaque
493 2849 632 2917 apta
681 2833 1101 2915 excogitandi,
1151 2836 1381 2918 quibus
1422 2841 1805 2903 necessitates

126 2921 524 3005 expleantur,
571 2920 832 2980 vulnera
873 2923 1230 3003 republicae
1271 2942 1594 3000 sanentur,
1650 2952 1808 3010 quae

121 3012 690 3073 cruentissimorum
727 3008 1036 3071 bellorum
1069 3014 1437 3075 consectaria
1470 3029 1678 3092 erant3
1719 3023 1801 3081 ita

938 3120 988 3175 p
1038 3100 1071 3158 2
1546 3106 1715 3168 wb-
