1940 3672
486 196 808 252 Gallorum
846 200 906 248 et
947 191 1348 245 Francorum.
1586 193 1663 266 89

74 369 224 432 rede
305 394 562 454 regnum
627 369 1048 451 occupavisset
1079 411 1097 441 ‚
1215 368 1509 426 Proceres
1581 388 1753 431 novo

71 457 336 539 quodam
397 459 624 518 honere
684 457 800 514 sibi
860 453 1294 515 devinciendos
1374 454 1620 524 statuit,
1683 465 1752 511 ut

76 547 525 628 inaugurationi
563 564 669 601 seu
716 545 1116 604 investiturae
1177 540 1306 624 ejus
1359 555 1747 623 praeessent,

78 636 446 715 imperiique
487 630 828 713 insignibus
891 652 1034 690 eum
1091 630 1430 690 solenniter
1480 650 1750 687 exorna-

73 733 214 780 rent
236 766 254 793 ,
306 720 327 796 (
354 720 613 799 insignia
649 717 882 780 Galliae
905 719 1008 776 alii
1039 740 1202 801 apes,
1236 716 1339 775 alii
1376 715 1754 785 scarabaeo&

78 807 185 865 alii
224 806 348 863 lilia
388 806 489 866 vel
533 806 734 866 simile
773 805 924 890 quid
947 819 1252 865 statuunt:
1297 803 1363 882 a)
1410 803 1515 864 sed
1547 802 1760 862 diver-

76 915 176 953 sae
219 907 360 954 sunt
396 893 781 977 opiniones.)
822 893 1105 954 Secundo
1143 908 1213 952 ut
1257 894 1448 974 siquis
1489 913 1522 951 e
1562 890 1759 949 Fran-

77 982 206 1041 ciae
250 983 612 1066 Principum
658 1004 920 1042 numero
966 983 1244 1040 criminis
1300 977 1557 1061 alicujus
1615 999 1758 1038 reus

76 1065 271 1144 fieret,
296 1066 596 1150 judicium
620 1068 698 1130 de
717 1068 811 1130 his
832 1070 1120 1150 deinceps
1146 1073 1338 1126 Pares
1359 1080 1716 1127 exercerent
1745 1089 1759 1139 3

78 1159 377 1238 quoniam
400 1164 591 1218 'antea
625 1158 701 1218 de
746 1157 1046 1218 similibus
1072 1156 1322 1239 publica
1350 1156 1613 1213 Comitia
1650 1153 1760 1214 de-

75 1245 429 1305 cernebant.
479 1248 618 1306 Jam
650 1243 760 1305 hac
819 1249 1082 1305 Parium
1131 1245 1514 1302 institutione
1562 1245 1759 1318 Hago

76 1330 405 1414 dignitates
444 1335 622 1416 regni
660 1357 821 1417 quae
881 1346 1061 1393 antea
1113 1332 1530 1415 temporariae
1583 1343 1761 1389 erant

81 1423 171 1477 uti
191 1424 481 1480 Ducatus
494 1436 557 1483 et
581 1426 942 1497 (lominum,
962 1420 1249 1503 deinceps
1275 1431 1603 1502 perpetuas
1622 1415 1767 1476 red-

76 1507 272 1581 didit;
332 1511 411 1569 ob
458 1534 617 1592 quae
669 1513 1015 1570 tristissima
1059 1508 1218 1568 bella
1273 1520 1449 1566 erant
1503 1518 1765 1583 exorta,

78 1600 168 1655 uti
192 1612 407 1656 contra
446 1601 828 1658 Ladoviczcm
874 1599 983 1657 XI.
1012 1617 1300 1680 proceres
1334 1593 1587 1653 assiduis
1622 1593 1760 1675 ple-

79 1684 175 1744 bis
222 1689 661 1767 quaerimoniis
687 1702 748 1747 et
781 1684 1376 1770 expostulationibus
1402 1684 1636 1741 incitati
1657 1680 1765 1741 de-

80 1788 431 1833 creverunt.
498 1779 756 1834 Par-iam
818 1795 1112 1835 numerus
1168 1795 1295 1832 non
1346 1793 1590 1853 semper
1646 1769 1767 1829 fuit

78 1861 384 1943 aequalis,
431 1886 655 1948 nempe
693 1862 1018 1924 duodecim
1079 1863 1395 1936 virorum,
1464 1857 1571 1920 sed
1643 1857 1762 1940 jam

85 1953 357 2010 minutus
378 1997 393 2025 ,
438 1950 561 2034 jam
592 1966 835 2023 auctus,
869 1964 1062 2035 prout
1093 1950 1341 2032 regibus
1374 1947 1769 2009 commodum

85 2037 461 2114 videbatur,
509 2038 764 2100 honoris
806 2054 868 2100 et
914 2037 1198 2101 beneficii
1238 2038 1373 2098 loco
1414 2036 1575 2096 hunc
1631 2038 1768 2097 Ma-

82 2130 410 2210 gistratum
442 2127 706 2188 deferre.
756 2127 880 2188 Alii
927 2128 1272 2209 Collegium
1320 2125 1648 2186 duodecim
1667 2127 1763 2183 vi-

83 2238 302 2275 rorum
333 2237 439 2276 seu
469 2219 729 2276 Parium
759 2216 931 2278 velut
965 2229 1103 2301 post
1141 2238 1354 2299 regem
1393 2217 1531 2298 pari
1568 2226 1768 2274 essent

84 2303 415 2385 dignitate,
448 2327 482 2363 a
522 2307 742 2365 Cat-olo
795 2309 886 2364 M.
939 2307 1287 2366 institutum
1340 2326 1467 2364 esse
1515 2301 1767 2361 dicunt:

78 2392 311 2482 fluibus
339 2393 478 2453 solis
508 2391 601 2476 jus
645 2407 733 2455 est
766 2393 1048 2455 sacrandi
1108 2394 1305 2477 Reges
1360 2406 1423 2454 et
1472 2395 1535 2451 in
1591 2391 1769 2472 regni

1533 2501 1682 2564 pos—

248 2668 421 2720 Julius
447 2668 639 2720 Caesar
657 2669 991 2738 Bulengerus
1010 2706 1024 2730 ,
1047 2668 1113 2718 de
1144 2667 1333 2719 officiis
1353 2669 1505 2737 regni
1533 2667 1734 2718 Galliae
1755 2705 1770 2729 ,

249 2738 505 2807 Lugduni
540 2737 690 2790 1618.
725 2738 820 2790 fol.
859 2741 992 2790 item
1027 2738 1075 2789 le
1117 2739 1307 2795 Feron‚
1329 2750 1382 2790 et
1417 2739 1769 2789 Miraumont.

165 2807 229 2877 a)
268 2807 422 2864 Joan.
457 2809 639 2859 Jacob.
675 2808 985 2859 chiffletius
1019 2808 1083 2858 in‘
1113 2807 1253 2858 Lilio
1290 2808 1545 2860 Francico
1567 2847 1579 2862 ,
1626 2818 1680 2858 ct
1716 2808 1774 2857 in

256 2877 498 2928 Anastasi
537 2878 865 2941 Childerici‚
900 2876 1108 2947 prodiit
1143 2879 1467 2947 Antverpiae
1511 2875 1661 2929 1650.
1715 2878 1774 2929 in

255 2944 303 2997 4.
343 2964 467 3016 apes
499 2965 609 2998 esse
641 2948 924 3017 probavit,
957 2946 1046 2997 sed
1071 2947 1198 2998 huic
1238 2948 1570 2999 contrarium
1590 2947 1779 2999 docuit

251 3015 481 3068 Joannes
505 3017 807 3070 Ferrandus
839 3018 895 3069 in
929 3016 1219 3086 Epinicion
1251 3037 1352 3090 pro
1398 3020 1576 3070 aureis
1611 3019 1780 3071 Fran-

250 3087 360 3139 ciae
393 3087 555 3151 liliis,
586 3087 838 3159 Lugduni
875 3087 1026 3143 1663.
1064 3086 1118 3137 in
1155 3087 1204 3138 4.
