1940 3672
533 191 1180 264 Hungurorum.
1514 176 1641 242 589

56 367 230 427 vium
275 366 789 451 tianquillitatem
829 377 1045 427 contra
1088 362 1289 426 hostes
1326 361 1732 425 defenderent

62 468 126 516 et
166 457 289 515 suis
334 454 633 518 sumtibus
663 453 892 514 militm
879 465 1036 515 ent:
1081 466 1267 538 atque
1288 450 1349 515 hi
1374 467 1497 513 tres
1528 451 1735 511 Status

59 563 169 602 seu
204 542 451 603 oidines
495 553 670 603 etant
707 544 771 601 in
816 544 1140 625 Hungaria
1175 563 1370 624 usque
1417 541 1737 599 Mathiam

60 631 136 689 II.
184 652 425 713 regem,
465 630 579 689 sub
615 652 760 712 (Ῑυο,
786 632 1052 690 Decreto
1088 648 1224 713 post
1256 629 1737 689 Coronationem

59 732 174 777 art.
228 723 255 778 1
305 720 581 789 Quatuor
609 720 780 797 regni
815 718 1036 790 Status,
1082 719 1529 801 Episcoporum
1557 716 1736 792 ‚Ma-

60 819 346 887 gnatum‚
384 805 702 864 Nobilium
756 820 817 864 et
842 805 1115 865 Urbium
1161 806 1494 887 Regiarum
1519 849 1538 878 ‚
1587 804 1740 885 qui—

67 896 178 951 hus
215 893 308 975 jus
329 891 593 951 adeundi
619 895 880 951 Comitia
905 937 922 966 ‚
954 907 1016 953 et
1044 892 1323 973 suffragii
1360 904 1515 952 esset
1535 937 1552 966 ‚
1573 897 1741 956 {con-

63 980 312 1039 stabiliti
337 979 883 1063 sunt.Hujusmodi
923 981 1187 1040 Comitia
1213 979 1326 1039 hoc
1349 1001 1513 1038 anno
1555 978 1738 1039 1825.

63 1091 178 1152 pro
224 1068 321 1128 die
367 1070 463 1127 11.
509 1067 892 1152 Septembris
926 1066 1292 1129 celebranda
1329 1066 1555 1127 indicta
1600 1078 1745 1127 sunt

62 1178 176 1239 per
216 1156 740 1237 Angustissimum
785 1157 1235 1241 Imperatorem
1300 1169 1362 1217 et
1400 1157 1634 1238 Regem
1680 1156 1746 1212 in

66 1267 145 1302 ui
131 1241 227 1302 be
248 1245 639 1320 Posoniensi‚
685 1244 794 1303 uhi
830 1257 1078 1328 piaetei
1099 1244 1300 1326 Regni
1332 1246 1579 1324 negotia
1618 1255 1747 1302 tra-

63 1327 324 1407 ctanda3
386 1333 692 1415 imprimis
745 1354 863 1416 plo
920 1333 1398 1413 Augustissimae
1470 1330 1748 1414 Impera-

62 1433 232 1478 tucis
266 1421 602 1478 Cur-olinae
631 1422 985 1498 Augustae,
1030 1420 1463 1479 Maximilicmi
1495 1419 1750 1494 Josepln‘

67 1509 362 1568 Bavariae
395 1510 580 1590 Regis
627 1507 791 1567 filiae
820 1509 1222 1568 coronatione
1241 1507 1514 1566 maximo
1546 1506 1753 1589 splen-

66 1595 220 1656 dore
266 1596 629 1697 Hungariae
674 1596 880 1654 Status
918 1607 1387 1669 convenerunt,
1435 1606 1497 1653 et
1543 1594 1751 1654 laetis-

69 1687 223 1743 simo
271 1687 547 1743 omnium
589 1681 936 1757 desiderio,
981 1683 1500 1766 Angustissimam
1547 1681 1754 1764 Impe-

68 1774 360 1830 latiicem
395 1774 751 1830 Carolinum
780 1775 1144 1850 Augustam
1176 1793 1290 1855 pro
1313 1773 1551 1853 Regina
1574 1769 1754 1828 Hun-

76 1862 281 1940 gariae
321 1858 553 1919 solenni
589 1860 716 1918 ritu
768 1859 869 1919 die
916 1859 1015 1920 25
1043 1858 1425 1943 Septembris
1455 1878 1632 1918 more
1655 1877 1756 1916 ie-

73 1961 253 2029 cepto
297 1960 719 2021 coronarunt
765 1949 865 2006 cui
903 1946 1262 2031 longaevam
1325 1951 1518 2009 vitam
1561 1958 1626 2005 et
1671 1944 1761 2005 fe·-

73 2034 364 2094 licitatem
403 2058 479 2119 pi
482 2056 765 2096 ecamu1
753 2036 761 2075 ⁹

247 2120 292 2200 ᾗ.
346 2125 396 2184 ’1.
449 2126 669 2181 Status
715 2125 886 2182 Belli
935 2136 996 2184 et
1047 2123 1360 2181 Memoria
1402 2121 1765 2199 Principum

73 2213 369 2277 virorum
466 2212 910 2294 Hungarorum
958 2231 1056 2272 ies
1103 2219 1420 2294 proponet
1462 2211 1764 2268 Pet-lodus

74 2302 325 2356 Ducum
382 2300 494 2359 sub
547 2321 653 2359 sex
726 2300 999 2359 Ducibus
1053 2297 1133 2358 ab
1194 2321 1248 2357 a.
1311 2297 1454 2358 889.
1518 2318 1647 2380 quo
1700 2297 1767 2354 in

77 2387 462 2468 Hungariam
505 2399 848 2460 venerunt,
896 2409 1094 2470 usque
1132 2409 1184 2445 a.
1227 2386 1411 2445 1000.
1451 2407 1580 2467 quo
1632 2387 1773 2444 Ste-

0 2530 1 2549 Ὶ
62 2477 324 2551 plzcmus
383 2478 523 2534 Dux
565 2478 766 2558 posito
817 2479 1023 2536 Ducis
1076 2473 1292 2547 titulo,
1358 2475 1627 2550 Regium
1680 2491 1777 2532 as-

78 2567 306 2622 sumsit.
345 2565 541 2624 Duces
561 2579 765 2624 autem
795 2575 1028 2648 septem
1050 2576 1230 2624 erant
1249 2559 1348 2620 hi:
1383 2562 1780 2635 Alma-Qasr-

0 2663 4 2732 ᾗ
73 2655 316 2725 pacluS,
365 2656 697 2724 ZoltanuS,
777 2655 1014 2727 Tomos,
1083 2653 1330 2725 Ger-sa,
1395 2661 1456 2707 et
1510 2650 1779 2723 Stepha-

0 2736 6 2806 ’ξ
81 2760 210 2797 nus.
291 2740 545 2799 Almum
592 2738 774 2798 fuisse
830 2741 1104 2822 primum
1160 2739 1397 2797 Ducem
1457 2738 1780 2796 restrictae

0 2825 7 2908 1
82 2829 433 2908 potestatis,
500 2829 640 2888 satis
694 2827 963 2909 probant
1019 2826 1186 2908 leges
1211 2854 1221 2860 ·<
1243 2822 1742 2883 fundamentales
1765 2844 1782 2880 :y

5 2912 8 2996 ξ
81 2913 253 2994 cujus
305 2913 493 2974 ductu
548 2917 828 2995 Hungari
876 2938 990 2998 per
1040 2913 1320 2973 Russiam
1363 2911 1437 2971 ad
1486 2912 1784 2968 Kioviam:

0 3007 9 3046 ³¹2
88 3000 232 3064 inde
280 3003 342 3063 in
364 3002 767 3086 Hungariam,
802 3001 1234 3065 accedentibus
1266 3011 1506 3084 *septem
1549 2998 1791 3058 Cuma—

1464 3108 1695 3151 norum
