1940 3672
483 166 802 225 Gallorum
830 172 891 219 et
921 163 1322 218 Francorum.
1556 170 1587 222 7
1600 165 1632 221 5

55 347 138 426 a)
184 345 473 405 Mulieres
506 343 808 426 speciosae
834 384 848 412 ,
897 349 958 397 et
1016 339 1246 398 robore
1278 341 1426 398 viris
1462 338 1721 415 simileS,

52 434 422 506 foecundae,
469 432 664 489 bonae
724 425 1096 486 educatrices
1143 438 1203 484 et
1259 427 1552 508 pariendo
1592 429 1726 487 feli-

52 543 150 583 ces
182 523 560 582 exstiterunt.
651 514 896 573 Aurum
943 515 1066 570 viri
1101 514 1332 595 pariter
1366 529 1427 573 et
1460 514 1721 576 feminae

53 609 129 667 ad
170 621 452 669 ornatum
476 600 895 685 usurpabant,
931 597 1073 659 hinc
1106 601 1373 660 armillas
1405 604 1566 660 circa
1599 626 1725 659 ma-

52 719 204 755 num
262 693 610 776 juncturas,
664 691 754 746 uti
804 702 865 748 et
886 710 1111 748 crassos
1156 702 1410 771 torques
1443 712 1519 748 ex
1564 711 1726 772 puro

54 804 209 841 auro
265 781 427 838 circa
465 776 692 836 collum
727 777 1084 859 gestabant,
1143 789 1214 834 ut
1248 791 1310 836 et
1353 775 1534 837 hodie
1589 777 1726 835 fieri

52 868 282 929 assolet.
372 867 633 924 Tunicas
670 876 923 945 portant
954 865 1140 922 variis
1178 864 1486 924 coloribus
1520 866 1724 925 imbu-

50 969 142 1014 tas
197 968 257 1013 et
286 950 538 1012 floribus
576 972 967 1033 conspersaS,
1014 953 1165 1010 item
1199 952 1418 1034 caligas
1457 955 1719 1010 braccas

50 1043 371 1102 nomintas.
467 1038 755 1100 Sedendo
803 1041 867 1097 in
908 1052 1075 1098 terra
1106 1052 1168 1096 et
1207 1061 1333 1096 non
1372 1043 1434 1097 in
1474 1040 1720 1100 sedibus

52 1127 506 1188 manducabant
541 1173 557 1202 ,
618 1125 724 1187 sed
777 1147 962 1209 super
1031 1125 1325 1208 luporum
1395 1142 1455 1186 et
1505 1149 1727 1186 canum

53 1215 351 1300 pellibus,
397 1215 624 1298 quibus
667 1212 1098 1274 ministrabant
1147 1211 1437 1296 juniores.
1528 1215 1730 1273 Gene-

54 1307 244 1362 ratim
304 1305 434 1363 vini
489 1303 566 1361 ad
643 1302 1007 1363 ebrietatem
1059 1316 1391 1377 amatores,
1460 1300 1728 1385 hospites

52 1391 212 1452 laeto
242 1390 426 1452 corde
472 1391 549 1450 ad
593 1392 878 1450 convivia
924 1391 1269 1449 invitantes.
1362 1391 1531 1448 Inter
1579 1412 1728 1471 epu-

53 1479 138 1538 las
194 1492 400 1539 tamen
453 1481 649 1539 rixosi
685 1493 748 1538 et
801 1476 879 1538 ad
920 1491 1234 1536 certamen
1293 1480 1521 1560 proni,
1567 1481 1730 1538 vitae

53 1567 236 1650 plane
277 1566 579 1650 jacturam
608 1564 783 1625 nihili
822 1565 1127 1625 facientes.
1175 1566 1414 1625 Funera
1459 1565 1736 1625 celebra-

54 1669 209 1715 runt
256 1654 576 1737 magnifica
646 1668 708 1714 et
765 1668 1110 1730 sumtuosa,
1159 1656 1283 1713 imo
1351 1654 1636 1712 animalia
1677 1669 1738 1713 et

48 1744 216 1802 servi
278 1743 358 1801 ab
406 1746 477 1802 iis
535 1743 772 1816 dilecti,
815 1740 986 1824 justis
1021 1740 1388 1802 funebribus
1437 1740 1736 1802 confectis

56 1853 179 1889 una
207 1830 671 1891 cremabantur:
732 1851 1002 1912 cumque
1061 1831 1272 1912 opinio
1334 1830 1457 1914 jam
1505 1829 1738 1890 dudum

55 1918 429 1994 invaluisset,
477 1916 646 2001 quod
680 1921 917 1977 animae
949 1916 1272 1977 hominum
1306 1922 1428 1978 sint
1486 1921 1740 1977 immor-

59 2005 208 2066 tales
254 2022 316 2066 et
352 2009 412 2066 in
443 2005 611 2065 aliud
655 2027 884 2088 corpus
917 2019 1322 2082 transeunteS,
1367 2004 1510 2065 binc
1544 2009 1605 2066 in
1641 2005 1740 2065 fu-

56 2097 379 2154 neratione
424 2109 857 2166 mortuorum,
900 2094 1197 2176 Epistolas
1242 2097 1606 2178 propingvis
1646 2097 1742 2152 in-

58 2184 317 2265 scriptas
369 2185 432 2242 in
478 2204 702 2264 rogum
754 2179 1171 2265 conjecerunt,
1218 2182 1292 2261 b)
1339 2198 1410 2242 ut
1456 2206 1490 2242 a
1526 2182 1748 2243 defun-

63 2272 176 2329 ctis
227 2271 600 2352 legerentur.
692 2271 868 2329 Hanc
936 2269 1260 2330 barbaram
1327 2285 1389 2331 et
1451 2272 1742 2353 gentilem

59 2358 566 2418 consvetudinem
595 2360 1008 2432 retinuerunt,
1053 2357 1249 2419 donec
1278 2362 1599 2443 principiis
1623 2361 1750 2420 Re-

63 2445 309 2528 ligionis
348 2445 731 2507 Christianae
792 2448 1056 2526 imbuti,
1102 2447 1393 2507 cultiores
1435 2451 1745 2509 mitiores-

66 2556 190 2615 que
228 2557 431 2595 mores
477 2535 879 2618 adoptassent.
969 2536 1041 2594 In
1087 2534 1288 2594 Gallia
1329 2548 1470 2596 ante
1513 2536 1745 2596 adven-

67 2634 202 2680 tum
247 2623 649 2697 Francorum,
679 2621 799 2706 jam
823 2645 1047 2705 magno
1066 2646 1327 2684 numero
1361 2640 1537 2684 erant
1561 2623 1746 2683 Chri-

69 2710 282 2784 stiani,
348 2733 507 2792 quae
552 2725 755 2771 tamen
810 2710 1027 2793 religio
1088 2712 1347 2795 amplius
1394 2710 1628 2770 firmata
1683 2727 1744 2771 ct

1510 2823 1659 2883 pro-

136 3000 211 3073 α)
250 3001 460 3051 Caesar.
515 2999 577 3052 L.
619 3002 674 3056 6.
706 3000 772 3052 de
790 3000 914 3053 bell.
952 3001 1090 3052 Gall.
1148 3001 1372 3056 Diodor.
1406 3002 1553 3056 Sicul
1592 3004 1651 3058 L.
1689 3007 1740 3058 5.

231 3069 299 3143 h)
338 3069 566 3129 Diodor.
605 3071 711 3126 Sic.
749 3072 814 3129 L.
851 3073 902 3128 5.
941 3090 985 3124 c.
1018 3069 1102 3126 28.
