<?xml version="1.0" encoding="UTF-8"?>
<!DOCTYPE html PUBLIC "-//W3C//DTD XHTML 1.0 Transitional//EN"
    "http://www.w3.org/TR/xhtml1/DTD/xhtml1-transitional.dtd">
<html xmlns="http://www.w3.org/1999/xhtml" xml:lang="en" lang="en">
 <head>
  <title>
</title>
<meta http-equiv="Content-Type" content="text/html;charset=utf-8" />
  <meta name='ocr-system' content='tesseract 3.04.00' />
  <meta name='ocr-capabilities' content='ocr_page ocr_carea ocr_par ocr_line ocrx_word'/>
</head>
<body>
  <div class='ocr_page' id='page_1' title='image "./historiauniversa03nagy_0337.png"; bbox 0 0 1940 3672; ppageno 0'>
   <div class='ocr_carea' id='block_1_1' title="bbox 652 153 1648 212">
    <p class='ocr_par' dir='ltr' id='par_1_1' title="bbox 652 153 1648 212">
     <span class='ocr_line' id='line_1_1' title="bbox 652 153 1648 212; baseline 0.006 -7"><span class='ocrx_word' id='word_1_1' title='bbox 652 153 1180 210; x_wconf 72' lang='lat' dir='ltr'><strong>Polonorum.</strong></span> <span class='ocrx_word' id='word_1_2' title='bbox 1528 154 1648 212; x_wconf 74' lang='lat'><strong>515</strong></span> 
     </span>
    </p>
   </div>
   <div class='ocr_carea' id='block_1_2' title="bbox 32 327 1746 3114">
    <p class='ocr_par' dir='ltr' id='par_1_2' title="bbox 32 327 1746 3114">
     <span class='ocr_line' id='line_1_2' title="bbox 71 327 1734 416; baseline -0.001 -25"><span class='ocrx_word' id='word_1_3' title='bbox 71 334 174 416; x_wconf 80' lang='lat' dir='ltr'><strong>gio</strong></span> <span class='ocrx_word' id='word_1_4' title='bbox 220 327 573 391; x_wconf 85' lang='lat' dir='ltr'><strong>Diademate</strong></span> <span class='ocrx_word' id='word_1_5' title='bbox 609 349 645 386; x_wconf 88' lang='lat' dir='ltr'><strong>a</strong></span> <span class='ocrx_word' id='word_1_6' title='bbox 681 327 963 387; x_wconf 82' lang='lat' dir='ltr'><strong>Romano</strong></span> <span class='ocrx_word' id='word_1_7' title='bbox 999 327 1298 389; x_wconf 83' lang='lat' dir='ltr'><strong>Pontifice</strong></span> <span class='ocrx_word' id='word_1_8' title='bbox 1328 330 1569 411; x_wconf 81' lang='lat' dir='ltr'><strong>privata</strong></span> <span class='ocrx_word' id='word_1_9' title='bbox 1609 345 1734 407; x_wconf 80' lang='lat' dir='ltr'><strong>est3</strong></span> 
     </span>
     <span class='ocr_line' id='line_1_3' title="bbox 66 413 1737 504; baseline -0.003 -25"><span class='ocrx_word' id='word_1_10' title='bbox 66 418 235 504; x_wconf 86' lang='lat' dir='ltr'><strong>quod</strong></span> <span class='ocrx_word' id='word_1_11' title='bbox 278 433 475 478; x_wconf 83' lang='lat' dir='ltr'><strong>tamen</strong></span> <span class='ocrx_word' id='word_1_12' title='bbox 513 416 748 473; x_wconf 72' lang='lat' dir='ltr'><strong>avitum</strong></span> <span class='ocrx_word' id='word_1_13' title='bbox 789 413 914 495; x_wconf 81' lang='lat' dir='ltr'><strong>jus,</strong></span> <span class='ocrx_word' id='word_1_14' title='bbox 954 440 1046 475; x_wconf 88' lang='lat' dir='ltr'><strong>an.</strong></span> <span class='ocrx_word' id='word_1_15' title='bbox 1102 416 1283 477; x_wconf 75' lang='lat'><strong>1295.</strong></span> <span class='ocrx_word' id='word_1_16' title='bbox 1322 416 1525 475; x_wconf 88' lang='lat' dir='ltr'><strong>denuo</strong></span> <span class='ocrx_word' id='word_1_17' title='bbox 1559 440 1737 477; x_wconf 85' lang='lat' dir='ltr'><strong>recu-</strong></span> 
     </span>
     <span class='ocr_line' id='line_1_4' title="bbox 63 501 1736 593; baseline -0.004 -25"><span class='ocrx_word' id='word_1_18' title='bbox 63 520 343 593; x_wconf 82' lang='lat' dir='ltr'><strong>peratum</strong></span> <span class='ocrx_word' id='word_1_19' title='bbox 384 517 513 565; x_wconf 87' lang='lat' dir='ltr'><strong>erat</strong></span> <span class='ocrx_word' id='word_1_20' title='bbox 557 501 748 562; x_wconf 91' lang='lat' dir='ltr'><strong>electo</strong></span> <span class='ocrx_word' id='word_1_21' title='bbox 773 505 836 560; x_wconf 91' lang='lat' dir='ltr'><strong>in</strong></span> <span class='ocrx_word' id='word_1_22' title='bbox 870 504 1104 587; x_wconf 81' lang='lat' dir='ltr'>Regem</span> <span class='ocrx_word' id='word_1_23' title='bbox 1139 508 1469 563; x_wconf 70' lang='lat' dir='ltr'><strong>Primislao</strong></span> <span class='ocrx_word' id='word_1_24' title='bbox 1501 506 1572 562; x_wconf 81' lang='lat' dir='ltr'><strong>Il.</strong></span> <span class='ocrx_word' id='word_1_25' title='bbox 1619 506 1736 563; x_wconf 87' lang='lat' dir='ltr'><strong>du·-</strong></span> 
     </span>
     <span class='ocr_line' id='line_1_5' title="bbox 65 588 1736 676; baseline -0.002 -23"><span class='ocrx_word' id='word_1_26' title='bbox 65 618 136 656; x_wconf 87' lang='lat' dir='ltr'><strong>ce</strong></span> <span class='ocrx_word' id='word_1_27' title='bbox 206 593 457 676; x_wconf 85' lang='lat' dir='ltr'><strong>Majoris</strong></span> <span class='ocrx_word' id='word_1_28' title='bbox 533 588 824 650; x_wconf 86' lang='lat' dir='ltr'><strong>Poloniae</strong></span> <span class='ocrx_word' id='word_1_29' title='bbox 894 607 957 652; x_wconf 91' lang='lat' dir='ltr'><strong>et</strong></span> <span class='ocrx_word' id='word_1_30' title='bbox 1036 595 1448 653; x_wconf 85' lang='lat' dir='ltr'><strong>Pomeraniae.</strong></span> <span class='ocrx_word' id='word_1_31' title='bbox 1553 595 1736 652; x_wconf 85' lang='lat' dir='ltr'><strong>Initio</strong></span> 
     </span>
     <span class='ocr_line' id='line_1_6' title="bbox 64 677 1738 762; baseline -0.002 -19"><span class='ocrx_word' id='word_1_32' title='bbox 64 682 314 743; x_wconf 88' lang='lat' dir='ltr'><strong>Polonia</strong></span> <span class='ocrx_word' id='word_1_33' title='bbox 373 677 490 738; x_wconf 88' lang='lat' dir='ltr'><strong>fuit</strong></span> <span class='ocrx_word' id='word_1_34' title='bbox 548 678 916 761; x_wconf 81' lang='lat' dir='ltr'><strong>generaliter</strong></span> <span class='ocrx_word' id='word_1_35' title='bbox 964 681 1161 741; x_wconf 88' lang='lat' dir='ltr'><strong>divisa</strong></span> <span class='ocrx_word' id='word_1_36' title='bbox 1207 682 1269 740; x_wconf 88' lang='lat' dir='ltr'><strong>in</strong></span> <span class='ocrx_word' id='word_1_37' title='bbox 1324 680 1625 762; x_wconf 84' lang='lat' dir='ltr'><strong>Majorem</strong></span> <span class='ocrx_word' id='word_1_38' title='bbox 1671 694 1738 739; x_wconf 88' lang='lat' dir='ltr'><strong>et</strong></span> 
     </span>
     <span class='ocr_line' id='line_1_7' title="bbox 61 768 1736 851; baseline -0.001 -21"><span class='ocrx_word' id='word_1_39' title='bbox 61 771 407 840; x_wconf 82' lang='lat' dir='ltr'><strong>Minorem,</strong></span> <span class='ocrx_word' id='word_1_40' title='bbox 461 769 564 825; x_wconf 87' lang='lat' dir='ltr'><strong>cui</strong></span> <span class='ocrx_word' id='word_1_41' title='bbox 627 770 962 827; x_wconf 82' lang='lat' dir='ltr'><strong>successive</strong></span> <span class='ocrx_word' id='word_1_42' title='bbox 1009 768 1280 851; x_wconf 86' lang='lat' dir='ltr'><strong>adjectae</strong></span> <span class='ocrx_word' id='word_1_43' title='bbox 1335 783 1476 828; x_wconf 86' lang='lat' dir='ltr'><strong>sunt</strong></span> <span class='ocrx_word' id='word_1_44' title='bbox 1528 770 1736 828; x_wconf 81' lang='lat' dir='ltr'><strong>variae</strong></span> 
     </span>
     <span class='ocr_line' id='line_1_8' title="bbox 62 855 1737 940; baseline 0 -24"><span class='ocrx_word' id='word_1_45' title='bbox 62 856 447 940; x_wconf 84' lang='lat' dir='ltr'><strong>provinciae,</strong></span> <span class='ocrx_word' id='word_1_46' title='bbox 494 857 585 914; x_wconf 86' lang='lat' dir='ltr'><strong>uti</strong></span> <span class='ocrx_word' id='word_1_47' title='bbox 628 855 844 914; x_wconf 84' lang='lat' dir='ltr'><strong>Russia</strong></span> <span class='ocrx_word' id='word_1_48' title='bbox 878 858 1123 930; x_wconf 79' lang='lat' dir='ltr'><strong>Rubra,</strong></span> <span class='ocrx_word' id='word_1_49' title='bbox 1159 859 1438 916; x_wconf 84' lang='lat' dir='ltr'><strong>Litvania</strong></span> <span class='ocrx_word' id='word_1_50' title='bbox 1464 903 1478 930; x_wconf 81' lang='grc'>,</span> <span class='ocrx_word' id='word_1_51' title='bbox 1516 858 1737 916; x_wconf 81' lang='lat' dir='ltr'><strong>Pome-</strong></span> 
     </span>
     <span class='ocr_line' id='line_1_9' title="bbox 58 943 1735 1023; baseline 0.001 -21"><span class='ocrx_word' id='word_1_52' title='bbox 58 946 245 1002; x_wconf 82' lang='lat' dir='ltr'><strong>rania.</strong></span> <span class='ocrx_word' id='word_1_53' title='bbox 293 956 402 1002; x_wconf 83' lang='lat' dir='ltr'><strong>etc.</strong></span> <span class='ocrx_word' id='word_1_54' title='bbox 493 944 694 1023; x_wconf 81' lang='lat' dir='ltr'><strong>Reges</strong></span> <span class='ocrx_word' id='word_1_55' title='bbox 745 943 1034 1006; x_wconf 78' lang='lat' dir='ltr'><strong>Poloniae</strong></span> <span class='ocrx_word' id='word_1_56' title='bbox 1085 945 1229 1004; x_wconf 86' lang='lat' dir='ltr'><strong>inde</strong></span> <span class='ocrx_word' id='word_1_57' title='bbox 1282 945 1362 1003; x_wconf 81' lang='lat' dir='ltr'><strong>ab</strong></span> <span class='ocrx_word' id='word_1_58' title='bbox 1403 970 1495 1002; x_wconf 81' lang='lat' dir='ltr'><strong>an.</strong></span> <span class='ocrx_word' id='word_1_59' title='bbox 1552 945 1735 1004; x_wconf 76' lang='grc'><strong>1001.</strong></span> 
     </span>
     <span class='ocr_line' id='line_1_10' title="bbox 59 1030 1735 1115; baseline 0.001 -25"><span class='ocrx_word' id='word_1_60' title='bbox 59 1030 445 1112; x_wconf 83' lang='lat' dir='ltr'><strong>eligebantur</strong></span> <span class='ocrx_word' id='word_1_61' title='bbox 478 1052 555 1090; x_wconf 71' lang='lat' dir='ltr'><strong>ex</strong></span> <span class='ocrx_word' id='word_1_62' title='bbox 598 1031 847 1090; x_wconf 83' lang='lat' dir='ltr'><strong>Familia</strong></span> <span class='ocrx_word' id='word_1_63' title='bbox 881 1035 1121 1106; x_wconf 66' lang='lat' dir='ltr'><strong>Plasti,</strong></span> <span class='ocrx_word' id='word_1_64' title='bbox 1169 1054 1440 1115; x_wconf 86' lang='lat' dir='ltr'><strong>quorum</strong></span> <span class='ocrx_word' id='word_1_65' title='bbox 1485 1033 1735 1091; x_wconf 86' lang='lat' dir='ltr'><strong>ultimus</strong></span> 
     </span>
     <span class='ocr_line' id='line_1_11' title="bbox 57 1120 1736 1201; baseline 0 -23"><span class='ocrx_word' id='word_1_66' title='bbox 57 1132 191 1179; x_wconf 84' lang='lat' dir='ltr'><strong>erat</strong></span> <span class='ocrx_word' id='word_1_67' title='bbox 244 1120 583 1177; x_wconf 70' lang='lat' dir='ltr'><strong>casimirus</strong></span> <span class='ocrx_word' id='word_1_68' title='bbox 628 1121 757 1177; x_wconf 88' lang='lat' dir='ltr'><em>III.</em></span> <span class='ocrx_word' id='word_1_69' title='bbox 791 1123 1069 1198; x_wconf 69' lang='lat' dir='ltr'><strong>fllagnas</strong></span> <span class='ocrx_word' id='word_1_70' title='bbox 1107 1123 1169 1180; x_wconf 87' lang='lat' dir='ltr'><strong>in</strong></span> <span class='ocrx_word' id='word_1_71' title='bbox 1217 1143 1344 1201; x_wconf 87' lang='lat' dir='ltr'><strong>quo</strong></span> <span class='ocrx_word' id='word_1_72' title='bbox 1378 1120 1592 1179; x_wconf 82' lang='lat' dir='ltr'><strong>Virilis</strong></span> <span class='ocrx_word' id='word_1_73' title='bbox 1634 1123 1736 1180; x_wconf 85' lang='lat' dir='ltr'><strong>Pi-</strong></span> 
     </span>
     <span class='ocr_line' id='line_1_12' title="bbox 54 1208 1735 1290; baseline 0.001 -26"><span class='ocrx_word' id='word_1_74' title='bbox 54 1220 326 1266; x_wconf 83' lang='lat' dir='ltr'><strong>astorum</strong></span> <span class='ocrx_word' id='word_1_75' title='bbox 362 1208 548 1290; x_wconf 86' lang='lat' dir='ltr'><strong>stirps</strong></span> <span class='ocrx_word' id='word_1_76' title='bbox 587 1210 863 1266; x_wconf 79' lang='lat' dir='ltr'><strong>extincta</strong></span> <span class='ocrx_word' id='word_1_77' title='bbox 903 1224 993 1269; x_wconf 85' lang='lat' dir='ltr'><strong>est</strong></span> <span class='ocrx_word' id='word_1_78' title='bbox 1038 1232 1133 1267; x_wconf 91' lang='lat' dir='ltr'><strong>an.</strong></span> <span class='ocrx_word' id='word_1_79' title='bbox 1190 1212 1374 1268; x_wconf 81' lang='lat'>1570.</span> <span class='ocrx_word' id='word_1_80' title='bbox 1453 1211 1590 1279; x_wconf 84' lang='lat' dir='ltr'><strong>Quo</strong></span> <span class='ocrx_word' id='word_1_81' title='bbox 1623 1231 1735 1266; x_wconf 85' lang='lat' dir='ltr'><strong>an-</strong></span> 
     </span>
     <span class='ocr_line' id='line_1_13' title="bbox 53 1294 1741 1372; baseline 0.001 -19"><span class='ocrx_word' id='word_1_82' title='bbox 53 1316 135 1353; x_wconf 88' lang='lat' dir='ltr'><strong>no</strong></span> <span class='ocrx_word' id='word_1_83' title='bbox 189 1294 514 1354; x_wconf 83' lang='lat' dir='ltr'><strong>Litvaniae</strong></span> <span class='ocrx_word' id='word_1_84' title='bbox 573 1295 701 1354; x_wconf 77' lang='lat' dir='ltr'><strong>dux</strong></span> <span class='ocrx_word' id='word_1_85' title='bbox 772 1298 1166 1356; x_wconf 65' lang='lat' dir='ltr'><strong>PVlach&#39;slaas</strong></span> <span class='ocrx_word' id='word_1_86' title='bbox 1227 1299 1471 1372; x_wconf 77' lang='lat' dir='ltr'><strong>Jagello</strong></span> <span class='ocrx_word' id='word_1_87' title='bbox 1515 1297 1741 1356; x_wconf 86' lang='lat' dir='ltr'><strong>electus</strong></span> 
     </span>
     <span class='ocr_line' id='line_1_14' title="bbox 55 1383 1740 1464; baseline -0.002 -20"><span class='ocrx_word' id='word_1_88' title='bbox 55 1396 179 1455; x_wconf 84' lang='lat' dir='ltr'><strong>est,</strong></span> <span class='ocrx_word' id='word_1_89' title='bbox 224 1383 336 1464; x_wconf 86' lang='lat' dir='ltr'><strong>qui</strong></span> <span class='ocrx_word' id='word_1_90' title='bbox 373 1384 438 1442; x_wconf 84' lang='lat' dir='ltr'><strong>vi</strong></span> <span class='ocrx_word' id='word_1_91' title='bbox 484 1385 862 1443; x_wconf 84' lang='lat' dir='ltr'><strong>matrimonii</strong></span> <span class='ocrx_word' id='word_1_92' title='bbox 902 1387 997 1443; x_wconf 87' lang='lat' dir='ltr'><strong>sui</strong></span> <span class='ocrx_word' id='word_1_93' title='bbox 1037 1406 1178 1442; x_wconf 88' lang='lat' dir='ltr'><strong>cum</strong></span> <span class='ocrx_word' id='word_1_94' title='bbox 1206 1386 1490 1460; x_wconf 69' lang='lat' dir='ltr'><strong>Heslvige</strong></span> <span class='ocrx_word' id='word_1_95' title='bbox 1528 1387 1740 1442; x_wconf 43' lang='lat' dir='ltr'><strong>Ludo*</strong></span> 
     </span>
     <span class='ocr_line' id='line_1_15' title="bbox 56 1469 1742 1554; baseline 0.001 -27"><span class='ocrx_word' id='word_1_96' title='bbox 56 1473 180 1528; x_wconf 77' lang='lat' dir='ltr'><strong>vici</strong></span> <span class='ocrx_word' id='word_1_97' title='bbox 234 1473 327 1528; x_wconf 87' lang='lat' dir='ltr'><strong>M.</strong></span> <span class='ocrx_word' id='word_1_98' title='bbox 375 1470 730 1552; x_wconf 82' lang='lat' dir='ltr'><strong>Hungariae</strong></span> <span class='ocrx_word' id='word_1_99' title='bbox 790 1474 952 1554; x_wconf 81' lang='lat' dir='ltr'><strong>regis</strong></span> <span class='ocrx_word' id='word_1_100' title='bbox 1002 1470 1125 1530; x_wconf 88' lang='lat' dir='ltr'><strong>filia</strong></span> <span class='ocrx_word' id='word_1_101' title='bbox 1175 1473 1346 1544; x_wconf 82' lang='lat' dir='ltr'><strong>initi,</strong></span> <span class='ocrx_word' id='word_1_102' title='bbox 1404 1469 1742 1554; x_wconf 82' lang='lat' dir='ltr'><strong>conjunxit</strong></span> 
     </span>
     <span class='ocr_line' id='line_1_16' title="bbox 52 1557 1740 1641; baseline 0 -23"><span class='ocrx_word' id='word_1_103' title='bbox 52 1559 404 1618; x_wconf 82' lang='lat' dir='ltr'><strong>Litvaniam</strong></span> <span class='ocrx_word' id='word_1_104' title='bbox 445 1579 586 1617; x_wconf 87' lang='lat' dir='ltr'><strong>cum</strong></span> <span class='ocrx_word' id='word_1_105' title='bbox 627 1580 821 1640; x_wconf 79' lang='lat' dir='ltr'><strong>regno</strong></span> <span class='ocrx_word' id='word_1_106' title='bbox 856 1560 1184 1636; x_wconf 79' lang='lat' dir='ltr'><strong>Poloniae3</strong></span> <span class='ocrx_word' id='word_1_107' title='bbox 1229 1557 1401 1641; x_wconf 84' lang='lat' dir='ltr'><strong>cujus</strong></span> <span class='ocrx_word' id='word_1_108' title='bbox 1433 1580 1740 1618; x_wconf 85' lang='lat' dir='ltr'><strong>successo-</strong></span> 
     </span>
     <span class='ocr_line' id='line_1_17' title="bbox 49 1643 1733 1730; baseline -0.002 -24"><span class='ocrx_word' id='word_1_109' title='bbox 49 1668 150 1707; x_wconf 86' lang='lat' dir='ltr'><strong>res</strong></span> <span class='ocrx_word' id='word_1_110' title='bbox 193 1643 330 1728; x_wconf 86' lang='lat' dir='ltr'><strong>jure</strong></span> <span class='ocrx_word' id='word_1_111' title='bbox 366 1643 779 1707; x_wconf 85' lang='lat' dir='ltr'><strong>haereditario</strong></span> <span class='ocrx_word' id='word_1_112' title='bbox 814 1648 1136 1708; x_wconf 82' lang='lat' dir='ltr'><strong>Poloniam.</strong></span> <span class='ocrx_word' id='word_1_113' title='bbox 1165 1648 1592 1730; x_wconf 83' lang='lat' dir='ltr'><strong>gubernarunt</strong></span> <span class='ocrx_word' id='word_1_114' title='bbox 1631 1667 1733 1704; x_wconf 88' lang='lat' dir='ltr'><strong>us·-</strong></span> 
     </span>
     <span class='ocr_line' id='line_1_18' title="bbox 53 1736 1740 1816; baseline 0 -24"><span class='ocrx_word' id='word_1_115' title='bbox 53 1757 177 1816; x_wconf 86' lang='lat' dir='ltr'><strong>que</strong></span> <span class='ocrx_word' id='word_1_116' title='bbox 210 1736 671 1810; x_wconf 76' lang='lat' dir='ltr'><strong>Sigismanclam</strong></span> <span class='ocrx_word' id='word_1_117' title='bbox 716 1737 1070 1813; x_wconf 68' lang='lat' dir='ltr'><strong>Augustum</strong></span> <span class='ocrx_word' id='word_1_118' title='bbox 1122 1758 1227 1796; x_wconf 86' lang='lat' dir='ltr'><strong>seu</strong></span> <span class='ocrx_word' id='word_1_119' title='bbox 1273 1759 1323 1794; x_wconf 82' lang='lat' dir='ltr'><strong>a.</strong></span> <span class='ocrx_word' id='word_1_120' title='bbox 1362 1737 1479 1796; x_wconf 80' lang='lat'><strong>157</strong></span> <span class='ocrx_word' id='word_1_121' title='bbox 1490 1738 1545 1793; x_wconf 86' lang='lat'><strong>2.</strong></span> <span class='ocrx_word' id='word_1_122' title='bbox 1592 1756 1740 1793; x_wconf 90' lang='lat' dir='ltr'><strong>cum</strong></span> 
     </span>
     <span class='ocr_line' id='line_1_19' title="bbox 52 1824 1741 1905; baseline 0.001 -26"><span class='ocrx_word' id='word_1_123' title='bbox 52 1843 180 1904; x_wconf 82' lang='lat' dir='ltr'><strong>quo</strong></span> <span class='ocrx_word' id='word_1_124' title='bbox 244 1824 428 1904; x_wconf 83' lang='lat' dir='ltr'><strong>stirps</strong></span> <span class='ocrx_word' id='word_1_125' title='bbox 492 1824 877 1900; x_wconf 76' lang='lat' dir='ltr'><strong>Jagellonica</strong></span> <span class='ocrx_word' id='word_1_126' title='bbox 944 1826 1111 1905; x_wconf 82' lang='lat' dir='ltr'><strong>regia</strong></span> <span class='ocrx_word' id='word_1_127' title='bbox 1173 1827 1468 1885; x_wconf 65' lang='lat' dir='ltr'><strong>exstincta</strong></span> <span class='ocrx_word' id='word_1_128' title='bbox 1528 1834 1650 1897; x_wconf 80' lang='lat' dir='ltr'><strong>est3</strong></span> <span class='ocrx_word' id='word_1_129' title='bbox 1706 1845 1741 1880; x_wconf 87' lang='lat' dir='ltr'><strong>a</strong></span> 
     </span>
     <span class='ocr_line' id='line_1_20' title="bbox 54 1912 1741 1992; baseline -0.001 -24"><span class='ocrx_word' id='word_1_130' title='bbox 54 1931 185 1992; x_wconf 90' lang='lat' dir='ltr'><strong>quo</strong></span> <span class='ocrx_word' id='word_1_131' title='bbox 244 1923 530 1992; x_wconf 82' lang='lat' dir='ltr'><strong>tempore</strong></span> <span class='ocrx_word' id='word_1_132' title='bbox 599 1912 797 1992; x_wconf 81' lang='lat' dir='ltr'><strong>Reges</strong></span> <span class='ocrx_word' id='word_1_133' title='bbox 877 1934 953 1970; x_wconf 75' lang='lat' dir='ltr'><strong>ex</strong></span> <span class='ocrx_word' id='word_1_134' title='bbox 1005 1915 1367 1990; x_wconf 75' lang='lat' dir='ltr'><strong>peregrinis</strong></span> <span class='ocrx_word' id='word_1_135' title='bbox 1441 1914 1741 1969; x_wconf 74' lang='lat' dir='ltr'><strong>Fccmiliis</strong></span> 
     </span>
     <span class='ocr_line' id='line_1_21' title="bbox 53 1995 1736 2082; baseline 0 -24"><span class='ocrx_word' id='word_1_136' title='bbox 53 1995 473 2079; x_wconf 78' lang='lat' dir='ltr'><strong>eligebantur3</strong></span> <span class='ocrx_word' id='word_1_137' title='bbox 512 2020 781 2081; x_wconf 86' lang='lat' dir='ltr'><strong>quorum</strong></span> <span class='ocrx_word' id='word_1_138' title='bbox 834 2015 1100 2082; x_wconf 84' lang='lat' dir='ltr'><strong>potestas</strong></span> <span class='ocrx_word' id='word_1_139' title='bbox 1137 2000 1288 2060; x_wconf 88' lang='lat' dir='ltr'><strong>adeo</strong></span> <span class='ocrx_word' id='word_1_140' title='bbox 1323 2013 1460 2059; x_wconf 85' lang='lat' dir='ltr'><strong>erat</strong></span> <span class='ocrx_word' id='word_1_141' title='bbox 1498 1999 1736 2079; x_wconf 78' lang='lat' dir='ltr'><strong>legibus</strong></span> 
     </span>
     <span class='ocr_line' id='line_1_22' title="bbox 52 2085 1738 2170; baseline 0.001 -28"><span class='ocrx_word' id='word_1_142' title='bbox 52 2087 557 2167; x_wconf 77' lang='lat' dir='ltr'><strong>circumscripta,</strong></span> <span class='ocrx_word' id='word_1_143' title='bbox 585 2098 672 2161; x_wconf 79' lang='lat' dir='ltr'><strong>¹ut</strong></span> <span class='ocrx_word' id='word_1_144' title='bbox 711 2089 754 2144; x_wconf 92' lang='lat' dir='ltr'><strong>ii</strong></span> <span class='ocrx_word' id='word_1_145' title='bbox 805 2089 986 2146; x_wconf 85' lang='lat' dir='ltr'><strong>titulo</strong></span> <span class='ocrx_word' id='word_1_146' title='bbox 1031 2091 1235 2170; x_wconf 86' lang='lat' dir='ltr'><strong>potius</strong></span> <span class='ocrx_word' id='word_1_147' title='bbox 1286 2111 1476 2169; x_wconf 79' lang='lat' dir='ltr'><strong>quam</strong></span> <span class='ocrx_word' id='word_1_148' title='bbox 1525 2109 1595 2145; x_wconf 89' lang='lat' dir='ltr'><strong>re</strong></span> <span class='ocrx_word' id='word_1_149' title='bbox 1642 2085 1738 2143; x_wconf 86' lang='lat' dir='ltr'><strong>fu·-</strong></span> 
     </span>
     <span class='ocr_line' id='line_1_23' title="bbox 53 2175 1737 2258; baseline 0 -25"><span class='ocrx_word' id='word_1_150' title='bbox 53 2175 218 2233; x_wconf 87' lang='lat' dir='ltr'><strong>erint</strong></span> <span class='ocrx_word' id='word_1_151' title='bbox 270 2175 516 2255; x_wconf 80' lang='lat' dir='ltr'><strong>Reges,</strong></span> <span class='ocrx_word' id='word_1_152' title='bbox 584 2195 653 2232; x_wconf 87' lang='lat' dir='ltr'><strong>ac</strong></span> <span class='ocrx_word' id='word_1_153' title='bbox 712 2178 894 2258; x_wconf 86' lang='lat' dir='ltr'><strong>proin</strong></span> <span class='ocrx_word' id='word_1_154' title='bbox 933 2175 1133 2235; x_wconf 88' lang='lat' dir='ltr'><strong>forma</strong></span> <span class='ocrx_word' id='word_1_155' title='bbox 1173 2177 1490 2257; x_wconf 79' lang='lat' dir='ltr'><strong>regiminis</strong></span> <span class='ocrx_word' id='word_1_156' title='bbox 1543 2177 1737 2256; x_wconf 78' lang='lat' dir='ltr'><strong>magis</strong></span> 
     </span>
     <span class='ocr_line' id='line_1_24' title="bbox 50 2261 1729 2346; baseline -0.001 -24"><span class='ocrx_word' id='word_1_157' title='bbox 50 2261 497 2322; x_wconf 87' lang='lat' dir='ltr'><strong>Aristocratica</strong></span> <span class='ocrx_word' id='word_1_158' title='bbox 538 2284 726 2344; x_wconf 89' lang='lat' dir='ltr'><strong>quam</strong></span> <span class='ocrx_word' id='word_1_159' title='bbox 771 2262 1166 2324; x_wconf 86' lang='lat' dir='ltr'><strong>Monarchica</strong></span> <span class='ocrx_word' id='word_1_160' title='bbox 1212 2267 1428 2346; x_wconf 80' lang='lat' dir='ltr'><strong>viguit.</strong></span> <span class='ocrx_word' id='word_1_161' title='bbox 1522 2263 1729 2321; x_wconf 84' lang='lat' dir='ltr'><strong>Status</strong></span> 
     </span>
     <span class='ocr_line' id='line_1_25' title="bbox 32 2349 1730 2436; baseline 0.001 -28"><span class='ocrx_word' id='word_1_162' title='bbox 32 2349 343 2431; x_wconf 12' lang='lat' dir='ltr'><strong>‘Politicus</strong></span> <span class='ocrx_word' id='word_1_163' title='bbox 381 2350 705 2426; x_wconf 79' lang='lat' dir='ltr'><strong>poloniae,</strong></span> <span class='ocrx_word' id='word_1_164' title='bbox 741 2374 927 2436; x_wconf 89' lang='lat' dir='ltr'><strong>penes</strong></span> <span class='ocrx_word' id='word_1_165' title='bbox 968 2375 1153 2434; x_wconf 88' lang='lat' dir='ltr'><strong>quem</strong></span> <span class='ocrx_word' id='word_1_166' title='bbox 1191 2375 1426 2418; x_wconf 80' lang='lat' dir='ltr'><strong>summa</strong></span> <span class='ocrx_word' id='word_1_167' title='bbox 1460 2363 1730 2436; x_wconf 82' lang='lat' dir='ltr'><strong>potestas</strong></span> 
     </span>
     <span class='ocr_line' id='line_1_26' title="bbox 51 2438 1742 2521; baseline 0.001 -26"><span class='ocrx_word' id='word_1_168' title='bbox 51 2451 216 2508; x_wconf 88' lang='lat' dir='ltr'><strong>erat,</strong></span> <span class='ocrx_word' id='word_1_169' title='bbox 278 2438 595 2499; x_wconf 81' lang='lat' dir='ltr'><strong>constabat</strong></span> <span class='ocrx_word' id='word_1_170' title='bbox 662 2462 740 2500; x_wconf 79' lang='lat' dir='ltr'><strong>ex</strong></span> <span class='ocrx_word' id='word_1_171' title='bbox 793 2440 1032 2500; x_wconf 86' lang='lat' dir='ltr'><strong>duobus</strong></span> <span class='ocrx_word' id='word_1_172' title='bbox 1095 2440 1394 2501; x_wconf 86' lang='lat' dir='ltr'><strong>membris</strong></span> <span class='ocrx_word' id='word_1_173' title='bbox 1434 2485 1449 2514; x_wconf 86' lang='lat'>‚</span> <span class='ocrx_word' id='word_1_174' title='bbox 1511 2460 1742 2521; x_wconf 87' lang='lat' dir='ltr'><strong>nempe</strong></span> 
     </span>
     <span class='ocr_line' id='line_1_27' title="bbox 51 2524 1746 2610; baseline 0.002 -28"><span class='ocrx_word' id='word_1_175' title='bbox 51 2524 480 2586; x_wconf 87' lang='lat' dir='ltr'><strong>Ecclesiasticis</strong></span> <span class='ocrx_word' id='word_1_176' title='bbox 526 2541 587 2586; x_wconf 85' lang='lat' dir='ltr'><strong>et</strong></span> <span class='ocrx_word' id='word_1_177' title='bbox 640 2527 1009 2587; x_wconf 84' lang='lat' dir='ltr'><strong>Nobilibus:</strong></span> <span class='ocrx_word' id='word_1_178' title='bbox 1056 2528 1132 2586; x_wconf 83' lang='lat' dir='ltr'><strong>ad</strong></span> <span class='ocrx_word' id='word_1_179' title='bbox 1188 2529 1363 2586; x_wconf 82' lang='lat' dir='ltr'><strong>illum</strong></span> <span class='ocrx_word' id='word_1_180' title='bbox 1412 2529 1746 2610; x_wconf 60' lang='lat' dir='ltr'><strong>pertinent«</strong></span> 
     </span>
     <span class='ocr_line' id='line_1_28' title="bbox 52 2609 1733 2698; baseline 0.002 -30"><span class='ocrx_word' id='word_1_181' title='bbox 52 2609 176 2670; x_wconf 91' lang='lat' dir='ltr'><strong>duo</strong></span> <span class='ocrx_word' id='word_1_182' title='bbox 227 2611 422 2674; x_wconf 87' lang='lat' dir='ltr'><strong>Archi</strong></span> <span class='ocrx_word' id='word_1_183' title='bbox 482 2615 773 2698; x_wconf 85' lang='lat' dir='ltr'><strong>Episcopi</strong></span> <span class='ocrx_word' id='word_1_184' title='bbox 827 2620 1192 2675; x_wconf 68' lang='lat' dir='ltr'><strong>Gne-mensis</strong></span> <span class='ocrx_word' id='word_1_185' title='bbox 1258 2630 1319 2677; x_wconf 88' lang='lat' dir='ltr'><strong>et</strong></span> <span class='ocrx_word' id='word_1_186' title='bbox 1369 2618 1733 2689; x_wconf 42' lang='lat' dir='ltr'><strong>Leopolle-nq</strong></span> 
     </span>
     <span class='ocr_line' id='line_1_29' title="bbox 53 2702 1738 2786; baseline 0.002 -31"><span class='ocrx_word' id='word_1_187' title='bbox 53 2702 180 2774; x_wconf 64' lang='grc' dir='ltr'><strong>δίε,</strong></span> <span class='ocrx_word' id='word_1_188' title='bbox 248 2703 395 2761; x_wconf 88' lang='lat' dir='ltr'><strong>item</strong></span> <span class='ocrx_word' id='word_1_189' title='bbox 464 2705 754 2786; x_wconf 84' lang='lat' dir='ltr'><strong>Episcopi</strong></span> <span class='ocrx_word' id='word_1_190' title='bbox 794 2727 806 2762; x_wconf 74' lang='grc' dir='ltr'>ε</span> <span class='ocrx_word' id='word_1_191' title='bbox 879 2708 1217 2764; x_wconf 63' lang='lat' dir='ltr'><strong>Craeoviae</strong></span> <span class='ocrx_word' id='word_1_192' title='bbox 1251 2749 1266 2778; x_wconf 64' lang='lat'>7</span> <span class='ocrx_word' id='word_1_193' title='bbox 1335 2705 1685 2761; x_wconf 63' lang='lat' dir='ltr'><strong>Postumiae</strong></span> <span class='ocrx_word' id='word_1_194' title='bbox 1720 2746 1738 2777; x_wconf 82' lang='lat'>‚</span> 
     </span>
     <span class='ocr_line' id='line_1_30' title="bbox 52 2788 1734 2867; baseline 0.002 -25"><span class='ocrx_word' id='word_1_195' title='bbox 52 2788 341 2864; x_wconf 76' lang='lat' dir='ltr'><strong>Ploczko,</strong></span> <span class='ocrx_word' id='word_1_196' title='bbox 397 2793 682 2849; x_wconf 75' lang='lat' dir='ltr'><strong>Chelmcze</strong></span> <span class='ocrx_word' id='word_1_197' title='bbox 707 2837 723 2866; x_wconf 80' lang='lat'>‚</span> <span class='ocrx_word' id='word_1_198' title='bbox 777 2795 848 2849; x_wconf 93' lang='lat' dir='ltr'><em>V</em></span> <span class='ocrx_word' id='word_1_199' title='bbox 842 2796 1246 2867; x_wconf 61' lang='lat' dir='ltr'><strong>laeli-slaviae,</strong></span> <span class='ocrx_word' id='word_1_200' title='bbox 1295 2792 1734 2863; x_wconf 72' lang='lat' dir='ltr'><strong>Pomesanicce‚</strong></span> 
     </span>
     <span class='ocr_line' id='line_1_31' title="bbox 54 2877 1724 2952; baseline 0.001 -20"><span class='ocrx_word' id='word_1_201' title='bbox 54 2877 127 2932; x_wconf 91' lang='lat' dir='ltr'><em>V</em></span> <span class='ocrx_word' id='word_1_202' title='bbox 119 2879 389 2952; x_wconf 60' lang='lat' dir='ltr'><strong>armine,</strong></span> <span class='ocrx_word' id='word_1_203' title='bbox 446 2881 694 2938; x_wconf 71' lang='lat' dir='ltr'><strong>Calmcce</strong></span> <span class='ocrx_word' id='word_1_204' title='bbox 730 2891 790 2936; x_wconf 80' lang='lat' dir='ltr'><strong>et</strong></span> <span class='ocrx_word' id='word_1_205' title='bbox 826 2882 1194 2939; x_wconf 70' lang='lat' dir='ltr'><strong>Sccmbc&#39;e-lzsis</strong></span> <span class='ocrx_word' id='word_1_206' title='bbox 1216 2926 1230 2952; x_wconf 83' lang='lat'>,</span> <span class='ocrx_word' id='word_1_207' title='bbox 1280 2880 1687 2937; x_wconf 72' lang='lat' dir='ltr'><strong>Praenzisliae</strong></span> <span class='ocrx_word' id='word_1_208' title='bbox 1708 2921 1724 2948; x_wconf 88' lang='lat'>,</span> 
     </span>
     <span class='ocr_line' id='line_1_32' title="bbox 57 2964 1732 3048; baseline 0.001 -26"><span class='ocrx_word' id='word_1_209' title='bbox 57 2964 358 3041; x_wconf 57' lang='lat' dir='ltr'><strong>Camena-2⁷,</strong></span> <span class='ocrx_word' id='word_1_210' title='bbox 391 2970 654 3045; x_wconf 76' lang='lat' dir='ltr'><strong>Viltzae‚</strong></span> <span class='ocrx_word' id='word_1_211' title='bbox 701 2970 1111 3048; x_wconf 69' lang='lat' dir='ltr'><strong>fflecletziqzccze</strong></span> <span class='ocrx_word' id='word_1_212' title='bbox 1136 3014 1152 3043; x_wconf 81' lang='grc'>,</span> <span class='ocrx_word' id='word_1_213' title='bbox 1198 2970 1557 3027; x_wconf 75' lang='lat' dir='ltr'><strong>chceoriae.</strong></span> <span class='ocrx_word' id='word_1_214' title='bbox 1654 2968 1732 3023; x_wconf 86' lang='lat' dir='ltr'><strong>In·</strong></span> 
     </span>
     <span class='ocr_line' id='line_1_33' title="bbox 645 3055 1629 3114; baseline -0.003 0"><span class='ocrx_word' id='word_1_215' title='bbox 645 3078 648 3079; x_wconf 46' lang='lat'><em>⁷</em></span> <span class='ocrx_word' id='word_1_216' title='bbox 1439 3055 1629 3114; x_wconf 86' lang='lat' dir='ltr'><strong>Livo-</strong></span> 
     </span>
    </p>
   </div>
  </div>
 </body>
</html>
