1940 3672
259 178 338 236 ¹74
759 181 1189 238 Historia

161 359 634 421 adolescentium
660 383 951 421 numerus
980 359 1338 443 disciplinae
1366 380 1545 419 causa
1575 381 1837 420 concur-

161 472 304 509 rere
344 450 592 509 solebat.
688 451 799 508 His
840 451 1063 531 passim
1101 452 1307 506 Bar-cli
1358 447 1546 508 rebus
1583 450 1840 530 poeticis

159 537 470 597 studentes
519 535 1046 619 adjungebantur,
1107 538 1186 616 a)
1234 538 1343 618 qui
1391 537 1572 595 etiam
1614 538 1842 594 instru-

162 627 406 699 mentis,
441 624 700 682 aliorum
720 623 929 682 laudes
965 636 1071 680 aut
1091 625 1398 706 vituperia
1421 622 1842 683 decantabant.

161 713 360 772 Porro
384 712 719 770 utebantur
759 713 945 769 etiam
987 711 1254 768 Vatibus
1300 713 1409 793 qui
1446 735 1522 772 ex
1554 713 1841 769 victima-

156 821 302 858 rum
354 800 510 856 extis
548 797 757 856 futura
777 795 1240 878 praedixerunt.
1332 799 1678 858 Maximum
1718 799 1840 857 De-

160 908 344 945 orum
373 885 700 945 coluerunt
743 887 1130 942 Mercurium
1153 931 1169 960 ,
1217 885 1483 968 plurima
1514 886 1838 946 simulacra

161 976 218 1033 ei
265 987 600 1056 ponentes3
672 974 969 1055 quoniam
1023 994 1165 1032 eum
1223 973 1605 1034 crediderint
1657 973 1841 1033 fuisse

162 1063 444 1120 omnium
488 1063 722 1119 artium
784 1062 1217 1136 inventorem,
1263 1064 1507 1120 viarum
1564 1064 1838 1134 Ducem,

163 1152 631 1231 maximumque
687 1148 991 1206 influxum
1023 1147 1254 1208 habere
1306 1150 1381 1207 acl
1418 1164 1708 1231 quaestus
1738 1172 1845 1232 pe-

165 1239 383 1298 cuniae
419 1252 480 1297 et
506 1252 899 1297 mercaturas.
949 1239 1093 1297 Post
1116 1234 1278 1296 hunc
1305 1239 1629 1297 coluerunt
1651 1240 1845 1313 Apol-

162 1328 379 1398 linem,
425 1329 728 1396 Martem,
775 1327 1018 1398 Jovem,
1062 1337 1122 1382 et
1157 1329 1553 1398 JlIc'net-nmn5
1600 1324 1676 1384 de
1706 1326 1846 1407 qui—

162 1412 279 1472 bus
327 1412 588 1473 eandem
625 1434 766 1471 cum
818 1413 949 1471 aliis
1005 1414 1290 1494 gentibus
1345 1412 1655 1473 habebant
1712 1415 1847 1495 opi-

162 1503 452 1577 nionem3
499 1503 591 1559 uti
631 1501 983 1576 Apollinem
1012 1501 1266 1560 morbos
1322 1501 1670 1584 depellere,
1718 1504 1846 1558 Mi-

162 1612 422 1649 nervam
466 1611 726 1672 operum
774 1591 950 1648 initia
1009 1587 1370 1664 tradidisse,
1420 1594 1698 1648 Martem
1715 1589 1848 1648 bel-

160 1676 221 1735 la
261 1698 519 1760 gerere,
564 1679 774 1733 Iovem
789 1677 1128 1758 Imperium
1162 1676 1421 1736 coeleste
1449 1693 1673 1736 tenere.
1699 1678 1846 1735 Por·

165 1787 241 1825 ro
280 1780 432 1826 teste
476 1767 818 1822 Lactantio
863 1764 924 1841 b)
973 1763 1133 1821 Galli
1167 1766 1353 1822 etiam
1378 1768 1622 1822 Hesam
1658 1777 1847 1846 atque

171 1856 490 1911 Teutatem
540 1849 807 1910 humano
858 1872 1079 1910 cruore
1134 1849 1477 1932 placabant.
1549 1853 1717 1910 Haec
1774 1851 1850 1912 de

162 1942 444 2000 moribus
492 1942 675 1999 sacris
712 1941 926 2021 priscis
969 1942 1259 1998 sufficiat:
1320 1942 1385 1998 in
1418 1938 1697 2000 Profanis
1740 1963 1846 1998 au-

160 2042 288 2089 tem
337 2028 561 2088 ritibus
613 2041 675 2087 et
717 2025 1266 2087 consvetudinibus
1313 2028 1723 2088 observarunt
1755 2049 1848 2087 se—

163 2120 450 2199 quentia:
497 2114 574 2174 ad
623 2115 969 2175 Concilium
1021 2136 1265 2197 semper
1323 2120 1543 2176 armati
1602 2136 1850 2199 proces-

161 2216 411 2281 serunt,
457 2206 523 2264 in
556 2203 825 2264 consiliis
883 2216 1089 2263 tamen
1139 2203 1452 2286 capiendis
1494 2216 1672 2266 erant
1712 2226 1847 2262 mo-

161 2292 349 2367 biles,
396 2293 582 2353 rebus
632 2292 1020 2375 potissimum
1070 2295 1251 2351 novis
1296 2292 1620 2354 studentes.
1710 2292 1847 2350 Cla-

159 2403 336 2442 more
373 2381 522 2441 alios
558 2393 940 2463 exceperunt
971 2394 1078 2439 aut
1113 2379 1522 2441 tradiderunt.
1613 2381 1843 2440 Pueros

159 2491 300 2529 suos
346 2472 464 2528 nisi
505 2491 699 2551 quum
729 2467 1174 2542 adolevissent,
1221 2483 1292 2529 ut
1321 2492 1544 2528 munus
1582 2468 1840 2526 militiae

160 2558 460 2619 sustinere
507 2559 777 2638 possint,
824 2556 1025 2641 palam
1080 2555 1156 2615 ad
1200 2572 1598 2640 conspectum
1648 2560 1840 2639 patris

161 2647 380 2707 venire
425 2668 549 2706 non
599 2646 1009 2728 patiebantur.
1103 2645 1245 2704 Viri
1287 2648 1350 2703 in
1381 2667 1604 2705 uxores
1649 2647 1739 2704 uti
1786 2658 1848 2704 et

162 2735 226 2794 in
268 2733 496 2795 liberos
545 2737 706 2796 vitae
748 2736 1037 2818 necisque
1097 2731 1412 2793 habebant
1461 2746 1841 2818 potestatem.

1672 2821 1764 2899 α)

232 3012 288 3074 α)
329 3009 553 3061 Diodor.
596 3010 830 3067 Siculus.
872 3010 927 3059 L.
964 3010 1012 3061 5.
1074 3028 1117 3059 e.
1154 3005 1237 3059 31.
1313 3005 1380 3077 ὂ)
1420 3004 1730 3059 Lactantius
1783 3008 1842 3058 L.

328 3080 374 3131 1.
427 3100 472 3131 e.
532 3079 620 3133 21.
660 3080 904 3153 Boclnam.
956 3081 1013 3131 L.
1078 3078 1127 3135 1.
1168 3099 1210 3128 c.
1255 3076 1340 3128 ¹12.
