1940 3672
220 168 299 223 70
783 173 1208 229 Historia

115 325 207 407 gis
242 325 507 409 eligendi
532 327 630 386 lex
676 332 985 389 recentior
1010 349 1137 389 esse
1166 326 1449 400 videtum
1497 349 1639 386 nam
1673 328 1804 411 ple-

112 433 340 495 raeque
385 417 662 475 nationes
710 437 900 497 vagae
951 417 1160 498 plures
1223 438 1395 499 reges
1443 437 1650 474 secum
1697 415 1804 473 ad-

115 499 456 575 ducebant,
527 525 802 584 quorum
848 507 1018 586 regia
1065 502 1331 585 dignitas
1374 525 1500 563 non
1546 504 1627 562 ab
1672 526 1807 561 am-

114 588 219 672 pla
264 602 571 648 terrarum
604 591 1016 671 possessione,
1067 612 1284 651 verum
1334 594 1537 675 potius
1585 613 1662 649 ex
1707 594 1811 649 vi-

112 676 320 751 ribu8‚
366 690 472 734 aut
517 675 915 736 multitudine
950 679 1166 761 populi
1211 679 1461 738 adducti
1506 679 1807 738 metieba-

110 777 229 822 tur.
320 764 518 822 Duces
557 766 743 821 etiam
783 786 909 822 non
950 777 1090 824 ante
1151 789 1248 825 an.
1300 767 1442 828 569.
1490 765 1811 849 eligeban-

109 865 212 912 tur
228 873 244 924 3
292 851 417 909 imo
467 855 701 908 Paulas
738 854 1012 910 Emilius
1071 851 1292 914 refert:
1343 857 1546 916 Duces
1594 856 1805 913 Comi-

110 950 328 1021 tesque
375 939 685 1022 principio
739 938 818 997 ab
877 939 1126 1023 regibus
1188 962 1259 1000 ea
1311 943 1446 1025 lege
1514 943 1802 1024 gentibus

108 1025 591 1109 civitatibusque
629 1027 966 1110 praefectos
992 1028 1212 1101 fuisse,
1261 1042 1331 1088 ut
1375 1052 1491 1114 pro
1537 1029 1805 1089 utilitate

109 1113 614 1190 dimitterentur,
660 1128 766 1174 aut
806 1130 1237 1193 mutarentur3
1303 1132 1373 1177 ut
1408 1115 1593 1177 hodie
1641 1116 1806 1199 apud

113 1201 346 1262 Milites
384 1201 523 1263 fieri
587 1203 822 1264 assolet.
870 1206 1049 1265 Circa
1100 1218 1385 1290 tempora
1460 1207 1707 1264 Ottonis
1752 1207 1805 1261 I.

113 1287 235 1373 jam
279 1292 544 1373 quisque
595 1293 890 1376 Princeps
936 1316 1055 1376 pro
1123 1314 1231 1353 sua
1297 1292 1640 1353 ambitione
1701 1306 1807 1352 aut

112 1379 391 1462 potentia
433 1378 511 1438 ad
550 1377 851 1461 majorem
887 1395 992 1440 aut
1036 1381 1218 1466 plane
1271 1385 1508 1465 regiam
1541 1380 1810 1461 dignita-

111 1481 238 1528 tem
283 1465 652 1550 adspirabat.
744 1468 847 1527 Sic
886 1471 1054 1529 enim
1092 1492 1170 1531 ex
1203 1492 1330 1530 uno
1367 1467 1809 1549 Lotharingiae

111 1576 308 1636 regno
335 1599 352 1630 ‚
400 1553 574 1636 quod
620 1558 924 1616 Letharii
972 1561 1284 1618 Laclovici
1330 1560 1437 1617 Pii
1483 1555 1595 1615 filii
1633 1569 1805 1630 erat,

113 1641 440 1727 paulopost
476 1642 655 1726 plura
697 1658 876 1705 enata
910 1661 1054 1706 sunt
1079 1668 1267 1727 regna
1292 1691 1307 1718 ,
1353 1647 1446 1704 uti
1500 1647 1807 1720 Trans-jic-

118 1752 317 1791 rcmae
352 1732 769 1808 Bargancliae
791 1754 1073 1815 regnum,
1113 1736 1484 1793 Provinciae
1521 1753 1808 1814 regnum,

114 1816 287 1902 quod
332 1833 540 1902 postea
580 1822 945 1879 Arelatelzse
997 1820 1116 1880 fuit
1169 1820 1580 1904 appellatum3
1641 1815 1809 1878 unde

112 1907 503 1968 Trevirensis
556 1906 806 1968 Elector
851 1905 1050 1968 Archi
1099 1908 1514 1969 Cancellarius
1566 1906 1804 1967 Galliae

111 1994 377 2055 dicitur:
425 1998 713 2072 Regnum
751 1998 1219 2076 Locharirzgiae
1267 1997 1419 2057 olim
1468 1997 1808 2054 Astrasiae

115 2083 368 2144 dictum.
425 2086 572 2142 Otto
621 2086 710 2143 II.
759 2083 1198 2168 Lotharingiae
1251 2107 1515 2166 regnum
1572 2083 1806 2143 abolito

113 2174 292 2254 regni
335 2173 586 2232 nomine
608 2173 673 2230 in
718 2195 913 2233 novos
949 2173 1205 2234 ducatus
1234 2188 1295 2235 et
1329 2175 1670 2233 Comitatus
1711 2169 1806 2228 di—

115 2261 279 2321 visit.
371 2257 582 2342 Atque
629 2282 707 2321 ex
760 2260 854 2320 his
901 2263 1107 2344 quivis
1181 2264 1415 2345 poterit
1461 2261 1803 2319 nobilitatis

114 2347 435 2408 distinctos
474 2346 699 2429 gradus
746 2363 807 2409 et
864 2348 1237 2432 dignitatum
1279 2349 1656 2410 differentias
1693 2369 1807 2407 no—

117 2458 305 2499 scere.
353 2436 644 2496 Ceterum
676 2439 914 2495 Franci
948 2438 1175 2497 Gallias
1216 2437 1468 2521 pacifice
1514 2437 1805 2496 obtinen-

117 2539 209 2586 tes
255 2523 370 2583 sub
402 2525 841 2583 Phar-amando
868 2548 1050 2608 rege,
1097 2525 1565 2587 Monarchicum
1601 2539 1806 2583 tamen

119 2613 462 2695 Imperium
506 2612 622 2672 sub
663 2614 1000 2672 Clodovczeo
1049 2613 1422 2689 fundarunt,
1469 2615 1578 2695 qui
1623 2613 1806 2672 etiam

122 2703 363 2786 primus
412 2701 653 2758 Christi
673 2723 900 2763 nomen
927 2701 1230 2785 professus
1256 2717 1376 2780 est3
1422 2725 1456 2760 a
1495 2722 1620 2783 quo
1651 2714 1809 2759 tem-

122 2813 279 2876 pore
325 2787 483 2846 Galli
517 2792 814 2848 continuo
837 2792 1034 2872 Reges
1055 2813 1192 2851 suos
1233 2804 1611 2853 venerantur
1642 2789 1810 2847 Mar-

126 2883 205 2939 tis
246 2875 449 2938 studio
495 2875 831 2960 flagrantes.
882 2915 965 2924 —-
1010 2879 1398 2942 Celebriores
1430 2877 1663 2937 Galliae
1696 2874 1810 2933 flu-

134 2969 224 3027 vii
257 2978 438 3028 sunt:
486 2969 673 3026 Mosa
699 3012 718 3045 ‚
793 2969 1039 3028 Scaldis
1066 3014 1083 3047 ‚
1131 2971 1462 3050 Sequana,
1508 2966 1763 3044 Ligeris
1787 3008 1804 3039 ,

1595 3055 1721 3111 Ga·-
