1940 3672
623 126 1107 200 Belgarum.
1530 122 1648 179 5267

64 305 451 380 officialibus7
499 322 713 362 eorum
748 321 1011 359 numero
1046 320 1113 357 ac
1152 299 1590 359 intertentione
1623 322 1740 380 pro

72 393 284 453 futuro
337 413 496 450 anno
537 388 929 463 decernitur3
974 388 1053 446 ab
1104 392 1220 446 isto
1267 407 1505 446 summo
1547 400 1741 446 statu-

64 503 171 538 um
201 478 464 539 Consilio
521 475 636 533 alia
682 478 889 534 omnia
933 476 1195 534 Consilia
1226 472 1608 558 dependent:
1650 475 1744 531 uti

73 571 405 625 Consilium
437 566 767 620 Privatum
798 584 900 622 seu
933 565 1248 623 Secretum
1270 609 1285 636 ‚
1321 584 1461 620 cum
1485 582 1611 642 quo
1638 559 1744 620 de-

64 654 288 713 liberat
339 650 533 730 Belgii
569 672 840 710 summus
887 653 1184 724 Ρναεεεε,
1231 661 1464 709 constat
1511 652 1605 708 10.
1644 649 1744 708 vel

69 745 164 801 12.
212 738 585 798 Consiliariis
626 739 823 820 iisque
891 737 1267 798 Doctoribus
1317 751 1422 796 aut
1467 736 1745 796 licentia-

61 830 136 886 tis
162 872 177 901 ‚
222 825 335 885 hoc
364 826 691 885 consilium
728 827 844 885 sibi
895 829 1238 887 reservavit
1274 824 1427 908 quid
1477 824 1628 907 quid
1667 823 1743 883 ad

60 914 389 998 justitiam,
436 910 530 994 jus
586 924 648 974 et
688 913 968 996 politiam
1000 915 1302 997 pertinet,
1351 917 1497 972 item
1544 914 1743 996 inspe-

57 1003 327 1062 ctionem
356 1000 624 1061 aliorum
653 1001 1108 1078 Consiliorum3
1155 1022 1269 1060 nec
1315 1023 1439 1060 non
1472 1022 1588 1083 pro
1633 1023 1739 1059 sua

59 1090 383 1172 provincia
444 1087 714 1149 condere
781 1089 977 1171 legeS,
1044 1101 1303 1162 statuta,
1371 1088 1569 1147 edicta
1627 1102 1739 1147 etc.

57 1173 247 1235 Aliud
298 1178 629 1234 Consilium
666 1187 755 1236 est
790 1179 1468 1235 Recommemlatorium
1520 1197 1597 1233 ex
1635 1176 1747 1233 Ci-

59 1267 320 1322 vitatum
352 1262 657 1347 deputatis
705 1275 766 1324 et
810 1287 936 1324 uno
972 1262 1183 1324 nobile
1225 1275 1479 1322 constat.
1536 1266 1744 1322 Consi-

56 1355 207 1410 lium
244 1354 424 1408 chris
457 1364 520 1410 et
572 1355 874 1410 ,Iustitiae
916 1350 1482 1411 administrationis·
1533 1353 1745 1409 Consi-

54 1442 209 1498 lium
244 1441 691 1498 Flnantiaram
723 1461 832 1501 seu
856 1441 1148 1500 Gamerae
1175 1438 1504 1498 rationalis.
1551 1438 1745 1499 Prae-

57 1541 222 1588 terea
261 1541 407 1586 sunt
437 1529 554 1586 alia
599 1529 845 1588 minora
895 1528 1165 1587 Consilia
1212 1530 1276 1585 in
1318 1526 1579 1587 diversis
1628 1527 1743 1585 Ci-

53 1615 367 1675 vitatibus.
416 1618 580 1678 Dum
615 1630 820 1675 autem
875 1617 1065 1676 totius
1115 1612 1580 1675 Foederationis
1622 1636 1739 1674 ne-

56 1706 293 1784 gotium
327 1717 763 1785 pertractatum
783 1705 1256 1764 Provinciarum
1277 1703 1567 1785 Deputati
1590 1723 1744 1762 con-

59 1794 323 1850 veniunt
367 1795 636 1868 Hagae,
683 1793 746 1850 in
785 1814 911 1872 quo
951 1813 1193 1851 summo
1224 1805 1538 1851 conventu
1571 1791 1742 1850 omni

56 1879 409 1962 Septimana
453 1880 556 1938 alii
619 1890 681 1939 et
726 1880 830 1938 alii
893 1881 1366 1939 Provinciarum
1409 1879 1743 1962 Deputati‚

58 1963 444 2026 Praesidium
499 1979 748 2028 tenent:
810 1967 1277 2048 decernuntque
1347 1966 1426 2028 de
1481 1967 1742 2050 publicis

56 2054 241 2113 rebus
280 2056 402 2113 uti:
450 2054 526 2114 de
566 2054 764 2128 bello,
808 2077 977 2138 pace,
1020 2055 1329 2136 totiusque
1370 2057 1608 2138 patriae
1640 2077 1742 2116 re-

55 2144 304 2223 gimine.
342 2142 447 2201 Est
485 2144 667 2202 etiam
694 2142 1034 2202 Consilium
1069 2141 1378 2201 Bellicum.
1426 2142 1589 2202 Olim
1635 2140 1742 2202 ha-

56 2229 286 2288 bebant
311 2229 613 2311 quaedam
646 2233 1006 2314 provinciae
1033 2234 1217 2291 etiam
1240 2252 1548 2289 summum
1585 2232 1742 2291 Pro-

56 2320 326 2378 visorem
371 2341 608 2377 summa
662 2319 915 2378 militari
966 2333 1028 2378 et
1074 2317 1326 2400 politiae
1377 2320 1739 2380 auctoritate

56 2404 426 2488 praeditum,
475 2407 646 2488 quod
677 2409 943 2466 officium
965 2404 1445 2466 haereditarium
1470 2419 1604 2468 erat
1625 2408 1673 2467 F
1675 2431 1739 2466 3-

53 2493 258 2553 miliae
290 2495 649 2576 Principum
667 2497 1160 2555 Araasz‘acomm
1198 2497 1262 2553 in
1285 2497 1568 2578 quinque
1590 2518 1741 2578 pro-

54 2583 274 2641 vinciis
338 2603 536 2663 usque
589 2585 662 2642 17
674 2585 772 2642 05,
819 2605 947 2665 quo
996 2605 1159 2643 anno
1205 2584 1469 2644 officium
1514 2584 1737 2642 summi

52 2667 480 2729 Provisoratus
517 2669 730 2745 desiit3
789 2670 1110 2754 Groninga
1164 2683 1368 2731 tamen
1421 2685 1484 2731 et
1540 2671 1739 2730 Frisia

54 2753 342 2840 deinceps
381 2760 565 2818 etiam
633 2760 892 2818 retinuit
938 2781 1015 2818 ex
1071 2758 1320 2817 Familia
1377 2760 1739 2840 Principum

55 2844 533 2904 Nasso-Diezi.
582 2848 924 2908 Proventus
964 2847 1346 2929 potissimum
1383 2849 1741 2929 percipiunt

57 2952 135 2994 ex
174 2930 511 3018 subjugatis
543 2935 900 3019 provinciis,
947 2933 1159 3017 quales
1177 2937 1241 2995 in
1269 2935 1416 2996 Asia
1449 2948 1510 2997 et
1541 2936 1735 2995 Ame-

1521 3043 1650 3083 rica
