1940 3672
246 147 374 211 296
797 151 1227 208 Historia

154 326 214 386 ri
266 337 510 386 tantum
563 327 804 406 argenti
852 345 960 385 seu
1015 327 1150 387 auri
1207 336 1511 408 quantum
1565 324 1845 405 corporis

155 413 398 497 pondus
434 412 814 495 adaequaret
859 416 1017 495 pacti
1056 428 1287 487 essent,
1348 410 1713 471 miraculose
1758 411 1840 471 le·-

154 502 478 562 vissimum
517 498 759 585 pondus
804 500 1092 564 obtinens
1130 501 1392 563 redemit
1438 515 1500 559 et
1540 502 1847 559 Gnesnam

148 591 216 662 in
266 589 588 649 Basilicam
629 589 960 648 transtulit.
1035 589 1240 671 Hujus
1283 591 1477 671 igitur
1526 591 1583 647 S.
1632 589 1841 648 Adcel-

149 679 314 735 berti
360 676 612 738 caedem
662 679 988 736 Boleslaus
1037 680 1087 737 I.
1147 680 1281 739 Rex
1329 678 1620 737 Poloniae
1675 675 1842 737 bello

147 763 588 825 vindicandam
636 776 939 840 statuens,
1003 768 1298 826 Borussos
1354 769 1541 824 variis
1591 764 1840 848 proeliis
1920 780 1928 789 '

147 851 512 935 profligatos
536 851 653 913 sub
677 851 901 937 jugum
922 856 1123 931 misit3
1169 853 1441 936 quidum
1473 853 1684 936 jugum
1725 855 1839 911 im-

143 941 418 1024 positum
465 942 706 1024 saepius
748 954 1041 1003 excutere
1094 956 1523 1017 attentassent,
1593 940 1839 1001 tandem

142 1026 220 1087 ad
256 1049 476 1090 eorum
515 1031 926 1090 temeritatem
967 1030 1370 1113 frangendam
1407 1034 1569 1091 circa
1605 1052 1838 1090 annum

148 1117 336 1178 1225.
389 1120 710 1177 Conradccs
755 1108 1069 1187 Massovia‘
1098 1121 1384 1203 princeps
1420 1133 1637 1180 contra
1685 1117 1840 1177 infe-

140 1216 266 1265 stos
294 1207 568 1281 Prussos‚
608 1208 980 1290 Crucigeros
1040 1208 1274 1268 ordinis
1316 1209 1638 1269 Teutonici
1690 1229 1838 1267 evo·

139 1293 343 1365 ¹cavit,
393 1295 593 1378 iisque
625 1295 1016 1358 Culmensem
1056 1309 1322 1357 tractum
1346 1342 1361 1371 ‚
1430 1311 1492 1357 et
1529 1293 1838 1377 quidquid

141 1383 307 1442 inter
352 1382 659 1442 Visculam
700 1405 767 1442 ac
814 1384 1157 1444 Druencios
1207 1384 1423 1444 fluvios
1467 1399 1599 1445 erat
1645 1382 1837 1443 tradi-

141 1468 266 1545 dit3
314 1473 426 1552 qui
468 1473 653 1531 etiam
696 1493 843 1543 mox
877 1487 1017 1555 post
1058 1472 1592 1532 felices-victorias
1627 1471 1703 1531 ad
1740 1473 1838 1530 ri-

139 1581 285 1642 pam
324 1559 604 1620 Vistulae
664 1562 1044 1619 leorzmimn
1094 1561 1336 1621 Urbem
1383 1560 1837 1634 condiderunt,

142 1648 360 1728 sicque
396 1650 683 1730 antiquos
717 1649 1135 1708 Borussosaut
1173 1652 1234 1706 in
1272 1648 1621 1709 clientelam
1669 1669 1840 1708 rece-

149 1749 399 1818 perunt,
425 1748 530 1794 aut
562 1734 984 1796 inobedientes
1003 1739 1458 1820 exstirparunt3
1487 1739 1547 1796 in
1566 1758 1840 1818 quorum

141 1823 353 1882 locum
408 1824 707 1907 plurimos
753 1825 1124 1884 Germaniae
1169 1824 1431 1906 populos
1490 1826 1551 1883 in
1600 1824 1838 1884 Prussi-

138 1933 239 1970 am
277 1926 637 1986 evocante5‚
701 1911 933 1971 ibidem
971 1915 1128 1971 sicut
1165 1914 1590 1996 principatum
1648 1915 1731 1971 ita
1776 1924 1837 1971 et

138 1999 507 2080 religionem
546 1998 774 2059 Christi
803 1999 1274 2077 stabiliverunt3
1308 2003 1430 2060 imo
1468 2023 1663 2082 quum
1697 2021 1835 2059 suc-

136 2088 369 2148 cessive
401 2090 683 2149 Prussiae
727 2089 1089 2169 regionibus
1133 2111 1260 2148 non
1304 2091 1613 2164 contenti,
1663 2088 1842 2148 Polo-

137 2178 275 2236 niae
331 2174 484 2237 fines
556 2179 743 2237 etiam
797 2176 1105 2237 hostiliter
1172 2177 1572 2251 lacesserent,
1666 2179 1839 2235 varia

138 2264 299 2324 bella
343 2264 593 2325 diverso
640 2264 928 2325 fortunae
968 2268 1136 2326 exitu
1189 2287 1331 2324 cum
1377 2266 1626 2325 Polonis
1659 2287 1836 2346 gere-

137 2375 209 2413 re
234 2353 650 2434 cogehantur3
680 2352 877 2413 donec
910 2355 1208 2413 Alb-artus
1230 2357 1280 2411 I.
1319 2351 1597 2413 Marcilio
1637 2356 1836 2412 Bran-

139 2440 514 2522 deburgicus
570 2441 820 2501 ultimus
876 2442 1127 2502 Ordinis
1182 2443 1508 2501 Teutonici
1579 2443 1838 2521 Magnus

146 2530 444 2611 Magister
472 2530 636 2588 circa
673 2554 768 2589 an.
808 2529 992 2589 1525.
1041 2532 1166 2613 ipse
1200 2530 1508 2590 Secularis
1543 2531 1838 2610 Princeps

142 2616 378 2691 factm,
425 2617 705 2678 ord-inem
745 2619 1230 2700 Crucigerorum
1276 2617 1626 2677 sustulisset.
1713 2618 1834 2674 Hic

139 2708 304 2766 enim
330 2706 629 2775 Albertzcs
667 2707 930 2765 Crucem
982 2709 1219 2766 Clu-isti
1243 2704 1557 2789 deponens
1595 2708 1835 2763 Lache-

141 2798 202 2852 rc'
257 2794 622 2856 Doctrinam
679 2817 805 2854 non
863 2797 992 2879 ipse
1045 2796 1241 2855 solum
1299 2794 1659 2877 adoptavit,
1730 2792 1833 2854 sed

1564 2896 1747 2942 etlam

213 3054 288 3123 α)
327 3055 622 3107 Cromerus
662 3055 722 3107 L.
757 3054 803 3105 8.
843 3054 1158 3116 NauclerUS.
1196 3055 1539 3125 generatione
1576 3051 1660 3106 41.
