1940 3672
251 218 372 278 156
816 222 1259 278 Ilistoria

149 419 354 473 mam,
398 405 758 476 secundam,
805 415 868 462 et
916 405 1408 472 Caesariensem,
1452 411 1667 458 contra
1701 397 1827 459 fre-

150 500 412 568 quentes
460 510 609 548 vero
645 489 972 550 Scotorum
1022 504 1084 551 et
1146 492 1460 550 Pictorum
1529 488 1827 546 incursio-

148 595 256 633 nes
290 597 403 657 per
438 575 850 636 transversam*
881 578 1139 637 insulam
1186 598 1402 636 murus
1433 575 1666 634 ductus.
1715 575 1829 633 Ce-

146 673 355 720 terum
404 663 708 745 praesidio
757 665 1191 724 Romanorum
1236 663 1459 722 nudata
1507 663 1826 722 Britannia

146 771 293 807 mox
329 770 362 806 a
417 752 615 810 Scotis
651 762 712 809 et
749 753 933 811 Pictis
978 751 1233 812 lacerari
1269 753 1508 833 coepit3
1556 771 1828 832 quorum

146 836 382 896 viribus
420 837 756 897 resistendo
804 841 1068 921 impares
1126 842 1442 915 Britanni3
1504 841 1828 915 Anglosa-

149 944 334 980 xones
375 948 408 982 a
447 925 682 986 bellicis
736 927 1073 988 virtutibus
1104 942 1405 1012 spectatos
1436 927 1645 985 auxilii
1684 948 1826 1008 gra-

147 1013 232 1066 tia
279 1013 338 1069 in
373 1013 754 1073 Britanniam
803 1029 1183 1093 evocarunt3
1231 1019 1338 1097 qui
1381 1016 1557 1074 brevi
1595 1013 1825 1096 expul-

146 1099 225 1156 sis
272 1098 414 1160 inde
452 1101 687 1175 ScotiS‚
734 1101 1053 1163 fertilitate
1104 1118 1166 1165 et
1211 1106 1579 1164 amoenitate
1624 1116 1827 1161 terrae

146 1189 346 1267 capti,
394 1189 538 1273 ipsis
598 1191 908 1255 Britannis
962 1194 1190 1274 quibus
1254 1191 1486 1250 auxilio
1534 1203 1834 1249 venerant

146 1272 360 1357 jugum
404 1279 827 1360 imponenteS,
875 1302 990 1363 pro
1045 1280 1306 1340 feliciori
1359 1280 1660 1361 regimine
1716 1277 1831 1335 ibi-

149 1362 292 1422 dem
325 1367 789 1441 Heptat·clziam
833 1388 943 1429 seu
995 1382 1229 1452 septem
1272 1390 1461 1450 regna
1500 1368 1836 1425 constitue-

151 1465 339 1527 runt,
387 1475 658 1534 quorum
708 1456 982 1537 primum
1018 1456 1137 1516 fuit
1177 1458 1465 1537 Regnum
1521 1456 1831 1527 Cantium,

150 1537 294 1598 dein
336 1543 664 1613 Sassexia,
725 1545 1108 1623 Eastanglia
1135 1590 1151 1619 ,
1218 1546 1612 1615 IVestsexia,
1667 1544 1834 1598 Not·-

152 1629 472 1686 tlmmbrc‘a
500 1675 515 1705 ‚
562 1631 901 1689 Ectstsexia
926 1678 941 1706 ‚
970 1647 1031 1695 et
1065 1637 1329 1694 Mereia.
1422 1633 1594 1703 Quae
1640 1651 1829 1710 regna

153 1718 490 1777 successive
531 1718 596 1776 in
657 1719 1011 1781 Conventus
1057 1743 1163 1782 seu
1208 1720 1547 1779 Comitatus
1595 1720 1833 1792 Slzyres

154 1801 628 1865 dividebantur:
677 1806 886 1886 quales
920 1810 1036 1868 sub
1070 1810 1405 1866 Ethelredo
1446 1807 1615 1887 Rege
1635 1828 1684 1862 a.
1722 1803 1831 1863 Ch.

158 1893 342 1953 1016.
389 1892 876 1955 numerabantur
906 1906 1142 1955 tantum
1192 1898 1295 1956 52.
1336 1893 1484 1953 dein
1534 1893 1647 1952 sub
1707 1895 1835 1949 Ga-

156 1981 355 2038 lielmo
400 1984 451 2038 I.
503 1982 600 2043 56.
651 1997 860 2063 postea
890 1997 1015 2058 tres
1058 1982 1284 2058 additi,
1332 1994 1394 2043 et
1430 1981 1613 2042 hodie
1652 1982 1835 2041 etiam

155 2067 255 2126 59.
301 2069 638 2129 Comitatus
661 2069 873 2132 habet:
923 2073 990 2153 a)
1035 2071 1263 2154 quibus
1301 2069 1602 2131 accedunt
1647 2071 1741 2130 15.
1768 2069 1833 2127 in

154 2153 392 2231 Vallia,
475 2179 747 2238 quorum
819 2162 1111 2220 Eduardi
1166 2162 1217 2217 I.
1279 2158 1669 2242 temporibus
1726 2178 1835 2217 sex

151 2256 361 2320 erant3
405 2245 680 2329 reliquos
738 2247 1220 2309 Parlamentaria
1278 2249 1645 2307 auctoritate
1687 2258 1839 2307 con}

154 2333 354 2390 stituit
403 2337 720 2394 Henricas
762 2339 890 2397 III.
973 2338 1262 2398 Ceterum
1311 2335 1474 2394 dicta
1537 2346 1835 2417 semptem

149 2442 339 2501 regna
377 2421 748 2504 procedente
781 2437 1063 2508 tempore
1096 2439 1306 2484 mutua
1340 2423 1495 2484 bella
1518 2423 1834 2504 gerebant,

150 2507 346 2568 donec
414 2514 619 2570 omnia
675 2516 738 2572 in
797 2526 1158 2595 potestatem
1206 2514 1472 2592 Egberti
1515 2513 1834 2571 Saxonum

152 2596 621 2659 occidentalium
662 2601 849 2682 Regis
911 2605 1234 2676 venirent,
1280 2624 1438 2684 quae
1487 2599 1832 2660 coadunata

155 2682 254 2741 illa
304 2707 495 2767 regna
550 2687 835 2771 deinceps
880 2691 1158 2768 Angliae
1227 2693 1478 2750 nomine
1542 2689 1832 2757 veniunt,

148 2793 293 2833 nam
321 2774 634 2852 Eghertzcs
672 2799 794 2836 una
843 2798 987 2837 cum
1040 2781 1303 2872 posteris
1351 2799 1477 2839 non
1516 2774 1642 2861 jam
1689 2775 1832 2834 Bri-

1609 2876 1746 2923 tan·-

225 3032 283 3104 a)
323 3034 474 3100 Quos
509 3035 808 3087 Comitatus
847 3034 1070 3104 Angliae
1138 3052 1262 3086 cum
1300 3035 1555 3088 nonnulis
1602 3031 1792 3089 insulis
1817 3073 1833 3099 ‚

314 3107 598 3157 Mercator
627 3105 734 3158 Sex
777 3105 1003 3159 Tabulis
1037 3122 1320 3177 expressos
1347 3104 1570 3159 exhibet
