1940 3672
716 142 1189 198 T-urcorum.
1584 134 1709 200 575

122 312 391 375 Londini
451 313 634 375 1666.
716 312 995 372 Mic-hoel
1052 316 1252 371 Fetere
1300 311 1544 372 Parisiis
1612 314 1799 377 1686.

124 406 393 460 Jocemzes
439 405 632 475 Bapt.
684 400 1026 458 Tcmernier
1069 399 1480 481 Niirnbergae
1518 402 1700 468 1681.
1741 416 1804 461 et

123 490 405 572 Hungari
442 491 785 569 scriptores.
830 488 1152 551 Istvanfius
1186 489 1523 552 Bonfinius.
1576 489 1800 563 Belius,

122 591 185 637 et
230 600 307 637 ex
347 574 438 635 his
469 576 862 635 recentiores.

431 1013 524 1121 C
591 1015 782 1167 ap
842 1056 915 1122 u
986 1044 1035 1120 t
1130 1012 1498 1123 ΧΙΠ-

302 1372 619 1431 Exhibeas
654 1375 1021 1433 Ilistoriam
1055 1376 1535 1453 Hungaroram.

101 1587 150 1665 ᾗ.
205 1588 254 1645 1.
309 1519 702 1650 Statistico
725 1586 1162 1665 Geograplzc'ca
1186 1588 1355 1644 notio
1391 1586 1793 1662 Hangariae.

102 1676 328 1735 Stricte
371 1673 671 1733 sumendo
727 1675 1049 1755 Hungaria
1107 1672 1639 1759 complectebatur
1695 1691 1797 1731 eas

100 1765 381 1845 regiones
396 1806 415 1833 ‚
476 1782 628 1843 quas
664 1761 812 1821 olim
846 1764 1230 1836 Pannonias,
1278 1759 1797 1820 TransDanubia-

100 1875 246 1910 nam
280 1850 592 1930 Jazygiam
639 1863 701 1909 et
737 1850 1049 1909 Dacorum
1111 1861 1307 1909 terras
1351 1848 1795 1932 nominabant3

100 1938 445 1997 universim
479 1935 592 1995 hae
631 1940 947 2018 regimme,
1007 1937 1369 2019 Hungariae
1423 1938 1676 1997 nomine
1731 1945 1795 1994 et

98 2024 282 2086 hodie
313 2025 575 2083 veniunt
601 2023 682 2082 ab
716 2026 963 2084 Hunnis
1003 2038 1107 2084 aut
1143 2026 1456 2108 Hungaris
1502 2022 1792 2105 Scythiae

103 2113 363 2198 populis.
411 2113 684 2172 Diversis
702 2114 1092 2197 temporibus
1113 2111 1388 2174 diversos
1422 2110 1637 2171 habuit
1667 2126 1794 2171 ter-

95 2205 295 2261 minos
354 2213 423 2258 ut
476 2200 712 2282 patebit
769 2222 846 2262 ex
901 2201 1179 2261 Historia
1224 2202 1614 2284 Pragmatica
1658 2201 1792 2260 Re·-

93 2293 198 2375 gni
240 2290 600 2349 Hunoariae
619 2310 731 2372 per
755 2310 854 2348 me
886 2289 1225 2349 elaborata.
1252 2291 1319 2370 cz)
1365 2290 1590 2348 Primis
1609 2288 1790 2347 Hun-

395 2333 429 2369 r>

96 2401 262 2439 Uraro,
281 2400 385 2435 um
426 2376 811 2459 temporibus
864 2379 1162 2438 terminos
1211 2375 1428 2436 habuit
1472 2375 1550 2435 ad
1590 2378 1787 2437 meri-

90 2425 256 2528 ?liem
317 2468 544 2523 Savum
596 2463 895 2540 fluvium,
938 2488 1065 2548 quo
1107 2489 1142 2526 a
1188 2467 1434 2526 Croatia
1470 2479 1533 2525 et
1566 2466 1787 2526 Servia

89 2553 513 2639 separabatur.
560 2550 618 2609 A
650 2557 1089 2634 septemtrione
1140 2553 1460 2613 Poloniam
1516 2566 1578 2613 et
1627 2555 1789 2613 Rus-

87 2647 253 2704 siam.
278 2643 378 2702 Ab
400 2637 718 2701 occidente
760 2656 999 2706 montes
1030 2644 1304 2716 CoeciOS‚
1337 2663 1405 2701 ac
1448 2643 1632 2724 proin
1655 2662 1787 2701 ma-

1508 2750 1695 2812 gnam

160 2904 219 2976 a)
260 2905 400 2971 Lege
436 2903 582 2954 Pauli
625 2904 781 2976 Nagy
815 2901 1113 2958 Historiam
1162 2901 1552 2970 Pragmaticam
1609 2900 1783 2968 Regni

242 2975 581 3041 Hungariae,
617 2975 804 3031 critice
840 2972 1192 3029 elaboratam,
1237 2971 1438 3023 Pestini
1474 2968 1622 3024 1823.
1661 2971 1784 3023 edi-

249 3045 323 3095 tio
359 3043 608 3097 secunda.

245 3134 255 3161 ί
