1940 3672
434 230 881 285 Britannorum
924 230 984 277 et
1020 220 1387 297 Anglorzmz‚
1541 221 1655 283 1811

74 391 337 472 cupatio.
383 390 669 448 Ceterum
717 382 1106 439 Cromwellas
1142 399 1269 438 non
1314 389 1558 437 tantum
1594 380 1750 454 suiS,

75 477 179 537 sed
217 480 396 536 etiam
438 473 661 534 exteris
701 467 820 526 fuit
860 466 1010 528 adeo
1048 464 1485 536 formidabilis,
1533 479 1605 524 ut
1642 489 1753 547 po·-

75 564 392 624 tentissimi
435 563 618 619 etiam
657 558 856 637 Reges
890 556 1084 614 missis
1121 554 1332 637 legatis
1377 551 1506 634 ejus
1538 556 1748 611 amici-

76 655 220 711 tiam
270 659 644 730 expeterent.
705 642 892 726 Cujus
931 641 1089 701 fama
1128 645 1312 703 etiam
1349 640 1568 700 Judaei
1606 663 1750 723 per-

76 741 227 796 moti
266 738 520 816 Legatos
568 736 917 790 Londinzcm
954 733 1259 790 miserunt
1289 730 1630 812 quaesituri
1669 751 1749 787 an

72 826 340 883 Illas-sias
379 820 582 881 esset?
629 823 871 881 Verum
923 822 1310 878 Cromwellas
1345 838 1508 876 anno
1560 818 1743 878 1658.

68 924 347 969 mortuus
389 923 512 984 est3
572 910 651 987 α)
697 910 799 966 cui
844 910 904 967 in
953 906 1327 988 reipublicae
1359 902 1747 964 administra-

71 1001 234 1056 tione
274 1000 557 1056 successit
601 995 760 1055 filius
805 997 1161 1054 Richarclzcs
1207 995 1588 1052 Cromwellus
1635 995 1748 1075 qui

71 1083 460 1143 artificiosam
504 1083 685 1143 illam⁴
728 1086 919 1167 patris
962 1081 1259 1164 regnandi
1309 1093 1507 1140 artem
1556 1083 1752 1140 nesci-

70 1194 209 1244 ens,
256 1174 317 1230 in
349 1173 439 1232 sui
477 1174 818 1254 perniciem
854 1171 1308 1230 Parlamentum
1340 1170 1646 1240 restituit,
1687 1182 1751 1229 et

69 1260 310 1320 Scotiae
351 1260 852 1320 Gubernatorem
890 1261 1207 1316 fflonkium
1249 1259 1435 1316 totius
1484 1258 1751 1316 Britani-

66 1350 120 1406 ci
179 1350 484 1407 exercitus
538 1349 774 1407 Ducem
825 1344 1177 1428 eligendum
1232 1345 1572 1428 permissit,
1638 1346 1752 1428 qui

69 1438 458 1493 Richardam
505 1439 683 1494 oneri
735 1434 992 1495 ferendo
1041 1437 1344 1514 imparem
1408 1429 1755 1513 deprehen—

68 1522 248 1596 dens,
295 1523 472 1582 brevi
506 1545 649 1581 cum
683 1522 1070 1582 Parlamento
1107 1521 1180 1580 de
1215 1518 1564 1580 revocando
1600 1541 1756 1579 exu-

68 1608 126 1669 le
170 1612 447 1694 Principe
502 1614 726 1670 Carolo
767 1609 1092 1670 consilium
1131 1610 1351 1681 inivit,
1413 1609 1523 1690 qui
1563 1608 1752 1667 etiam

70 1698 339 1768 Londini
394 1700 576 1760 1660.
622 1697 850 1780 rejecto
907 1700 1224 1756 Riclzarclo
1277 1698 1442 1757 inter
1497 1695 1750 1758 laetissi-

63 1807 190 1845 mas
221 1787 432 1870 populi
468 1787 927 1847 acclamationes
960 1783 1186 1845 throno
1224 1787 1542 1844 restitutus
1581 1797 1685 1844 est.

241 1875 477 1933 XXVI.
544 1878 805 1933 Carolus
849 1878 935 1932 II.
972 1888 1110 1955 post
1152 1873 1512 1932 diuturnam
1557 1872 1748 1955 patris

68 1976 330 2022 mortem
386 1962 491 2021 diu
545 1965 608 2021 in
652 1963 889 2035 Gallia,
936 1961 1270 2023 Germania
1315 1976 1375 2022 et
1419 1958 1752 2019 Hollandia.

67 2050 244 2122 exul,
293 2050 535 2110 tandem
580 2072 877 2112 consensu
917 2072 1250 2133 procerum
1291 2049 1368 2108 ad
1415 2064 1750 2132 paternum

66 2137 287 2197 solium
334 2153 656 2199 revocatus
693 2154 753 2199 et
808 2138 1144 2199 solenniter
1199 2139 1382 2201 1660.
1420 2151 1751 2198 coronatus

71 2240 196 2300 est,
257 2225 371 2285 sub
422 2226 599 2311 cujus
657 2230 843 2287 initiis
897 2249 1118 2308 magna
1163 2248 1376 2288 rerum
1424 2225 1748 2285 conversio

65 2315 473 2395 sequebatur,
534 2337 677 2375 nam
717 2318 1040 2398 pristinam
1085 2336 1421 2398 regnorum
1480 2312 1745 2373 formam

63 2405 365 2476 restituit,
412 2404 744 2487 Episcopos
789 2419 850 2465 et
885 2403 1342 2464 Parlamentum
1380 2401 1553 2484 juxta
1587 2403 1750 2461 anti-

71 2512 256 2570 quam
305 2491 809 2553 consvetudinem
853 2491 1259 2553 confirmavit.
1344 2494 1415 2549 ln
1464 2504 1749 2550 auctores

63 2579 263 2638 caedis
304 2583 493 2660 patris
515 2582 870 2661 inquisivit,
917 2602 986 2640 ac
1024 2581 1174 2641 alios
1212 2579 1522 2661 suppliciis
1561 2580 1748 2637 affici-

65 2687 205 2739 ens,
266 2669 394 2726 aliis
441 2671 704 2750 gratiam
746 2671 1075 2743 concessit,
1140 2669 1423 2727 militiam
1467 2663 1749 2725 stabilem

1366 2767 1661 2826 retinu1t‚

132 2923 206 2995 a)
244 2925 391 2977 Idem
427 2927 615 2978 Bateus
648 2926 865 2997 scripsit
901 2927 1170 2979 Elenchos
1220 2935 1473 2978 motuum
1505 2942 1748 2997 nupero·
1778 2915 1781 2916 ⁷

208 3014 334 3045 rum
361 2998 415 3048 in
453 2994 646 3066 Anglia
667 3035 680 3057 ‚
718 3015 885 3067 usque
917 2997 983 3048 ad
1014 2996 1307 3049 Cromvelli
1337 3006 1570 3048 mortem
1597 2998 1748 3049 Lon-

208 3065 322 3114 (1ίηί
366 3065 517 3120 1661.
569 3069 626 3117 in
665 3066 716 3120 8.
749 3067 879 3120 item
923 3066 1167 3120 Thomas
1210 3066 1548 3138 SkyuneruS.
1597 3068 1747 3121 Lon-

216 3135 333 3188 dini
372 3135 520 3192 1676.
557 3138 614 3189 in
651 3137 701 3190 8.
