<?xml version="1.0" encoding="UTF-8"?>
<!DOCTYPE html PUBLIC "-//W3C//DTD XHTML 1.0 Transitional//EN"
    "http://www.w3.org/TR/xhtml1/DTD/xhtml1-transitional.dtd">
<html xmlns="http://www.w3.org/1999/xhtml" xml:lang="en" lang="en">
 <head>
  <title>
</title>
<meta http-equiv="Content-Type" content="text/html;charset=utf-8" />
  <meta name='ocr-system' content='tesseract 3.04.00' />
  <meta name='ocr-capabilities' content='ocr_page ocr_carea ocr_par ocr_line ocrx_word'/>
</head>
<body>
  <div class='ocr_page' id='page_1' title='image "./historiauniversa03nagy_0218.png"; bbox 0 0 1940 3672; ppageno 0'>
   <div class='ocr_carea' id='block_1_1' title="bbox 253 267 1286 329">
    <p class='ocr_par' dir='ltr' id='par_1_1' title="bbox 253 267 1286 329">
     <span class='ocr_line' id='line_1_1' title="bbox 253 267 1286 329; baseline -0.001 -1"><span class='ocrx_word' id='word_1_1' title='bbox 253 267 375 329; x_wconf 80' lang='grc'><strong>194</strong></span> <span class='ocrx_word' id='word_1_2' title='bbox 836 269 1286 328; x_wconf 81' lang='lat' dir='ltr'><em>Historia</em></span> 
     </span>
    </p>
   </div>
   <div class='ocr_carea' id='block_1_2' title="bbox 153 445 1940 3233">
    <p class='ocr_par' dir='ltr' id='par_1_2' title="bbox 153 445 1940 3175">
     <span class='ocr_line' id='line_1_2' title="bbox 160 445 1851 523; baseline -0.002 -17"><span class='ocrx_word' id='word_1_3' title='bbox 160 449 349 507; x_wconf 81' lang='lat' dir='ltr'><strong>clesia</strong></span> <span class='ocrx_word' id='word_1_4' title='bbox 379 489 395 518; x_wconf 86' lang='lat'>,</span> <span class='ocrx_word' id='word_1_5' title='bbox 441 465 632 523; x_wconf 79' lang='lat' dir='ltr'><strong>quam</strong></span> <span class='ocrx_word' id='word_1_6' title='bbox 690 445 748 501; x_wconf 84' lang='lat' dir='ltr'><strong>si</strong></span> <span class='ocrx_word' id='word_1_7' title='bbox 792 447 1055 520; x_wconf 76' lang='lat' dir='ltr'><strong>repeti3‚</strong></span> <span class='ocrx_word' id='word_1_8' title='bbox 1095 447 1346 504; x_wconf 82' lang='lat' dir='ltr'><strong>remitto</strong></span> <span class='ocrx_word' id='word_1_9' title='bbox 1377 464 1504 519; x_wconf 77' lang='lat' dir='ltr'><strong>per</strong></span> <span class='ocrx_word' id='word_1_10' title='bbox 1540 463 1851 518; x_wconf 72' lang='lat' dir='ltr'><strong>praesen-</strong></span> 
     </span>
     <span class='ocr_line' id='line_1_3' title="bbox 161 529 1852 614; baseline -0.002 -20"><span class='ocrx_word' id='word_1_11' title='bbox 161 550 270 602; x_wconf 62' lang='lat' dir='ltr'><strong>tes:</strong></span> <span class='ocrx_word' id='word_1_12' title='bbox 361 535 530 593; x_wconf 90' lang='lat' dir='ltr'><strong>Hinc</strong></span> <span class='ocrx_word' id='word_1_13' title='bbox 599 532 758 590; x_wconf 88' lang='lat' dir='ltr'><strong>sicut</strong></span> <span class='ocrx_word' id='word_1_14' title='bbox 817 534 1032 590; x_wconf 73' lang='lat' dir='ltr'><strong>Caroli</strong></span> <span class='ocrx_word' id='word_1_15' title='bbox 1082 536 1161 591; x_wconf 89' lang='lat' dir='ltr'><strong>V.</strong></span> <span class='ocrx_word' id='word_1_16' title='bbox 1210 531 1487 614; x_wconf 90' lang='lat' dir='ltr'><strong>prudens</strong></span> <span class='ocrx_word' id='word_1_17' title='bbox 1527 529 1852 591; x_wconf 86' lang='lat' dir='ltr'><strong>decretum</strong></span> 
     </span>
     <span class='ocr_line' id='line_1_4' title="bbox 159 617 1850 701; baseline -0.003 -18"><span class='ocrx_word' id='word_1_18' title='bbox 159 623 478 694; x_wconf 79' lang='lat' dir='ltr'><strong>laudatur,</strong></span> <span class='ocrx_word' id='word_1_19' title='bbox 524 617 698 701; x_wconf 89' lang='lat' dir='ltr'><strong>quod</strong></span> <span class='ocrx_word' id='word_1_20' title='bbox 745 620 810 675; x_wconf 89' lang='lat' dir='ltr'><strong>in</strong></span> <span class='ocrx_word' id='word_1_21' title='bbox 844 633 1166 699; x_wconf 85' lang='lat' dir='ltr'><strong>posterum</strong></span> <span class='ocrx_word' id='word_1_22' title='bbox 1204 620 1660 680; x_wconf 87' lang='lat' dir='ltr'><strong>Ecclesiasticae</strong></span> <span class='ocrx_word' id='word_1_23' title='bbox 1706 641 1850 701; x_wconf 91' lang='lat' dir='ltr'><strong>per-</strong></span> 
     </span>
     <span class='ocr_line' id='line_1_5' title="bbox 157 707 1852 791; baseline -0.005 -17"><span class='ocrx_word' id='word_1_24' title='bbox 157 734 342 774; x_wconf 90' lang='lat' dir='ltr'><strong>sonae</strong></span> <span class='ocrx_word' id='word_1_25' title='bbox 382 708 618 767; x_wconf 85' lang='lat' dir='ltr'><strong>nnllam</strong></span> <span class='ocrx_word' id='word_1_26' title='bbox 674 727 810 765; x_wconf 86' lang='lat' dir='ltr'><strong>rem</strong></span> <span class='ocrx_word' id='word_1_27' title='bbox 848 707 1229 769; x_wconf 86' lang='lat' dir='ltr'>immobilem</span> <span class='ocrx_word' id='word_1_28' title='bbox 1278 729 1562 769; x_wconf 84' lang='lat' dir='ltr'><strong>coemere</strong></span> <span class='ocrx_word' id='word_1_29' title='bbox 1614 708 1852 791; x_wconf 82' lang='lat' dir='ltr'>possint</span> 
     </span>
     <span class='ocr_line' id='line_1_6' title="bbox 157 795 1849 881; baseline -0.003 -26"><span class='ocrx_word' id='word_1_30' title='bbox 157 801 351 881; x_wconf 77' lang='lat' dir='ltr'><strong>absqe</strong></span> <span class='ocrx_word' id='word_1_31' title='bbox 385 797 746 876; x_wconf 84' lang='lat' dir='ltr'>Principum</span> <span class='ocrx_word' id='word_1_32' title='bbox 777 814 1108 858; x_wconf 84' lang='lat' dir='ltr'><strong>consensu:</strong></span> <span class='ocrx_word' id='word_1_33' title='bbox 1145 795 1230 854; x_wconf 87' lang='lat' dir='ltr'><strong>sic</strong></span> <span class='ocrx_word' id='word_1_34' title='bbox 1286 798 1687 855; x_wconf 72' lang='lat' dir='ltr'><strong>Christianus</strong></span> <span class='ocrx_word' id='word_1_35' title='bbox 1716 797 1849 857; x_wconf 82' lang='lat' dir='ltr'><em>III.</em></span> 
     </span>
     <span class='ocr_line' id='line_1_7' title="bbox 158 881 1852 970; baseline -0.004 -21"><span class='ocrx_word' id='word_1_36' title='bbox 158 906 389 970; x_wconf 87' lang='lat' dir='ltr'><strong>aequae</strong></span> <span class='ocrx_word' id='word_1_37' title='bbox 459 881 806 965; x_wconf 86' lang='lat' dir='ltr'><strong>prudenter</strong></span> <span class='ocrx_word' id='word_1_38' title='bbox 884 883 1241 957; x_wconf 84' lang='lat' dir='ltr'><strong>constituit,</strong></span> <span class='ocrx_word' id='word_1_39' title='bbox 1302 906 1382 943; x_wconf 91' lang='lat' dir='ltr'><strong>ne</strong></span> <span class='ocrx_word' id='word_1_40' title='bbox 1447 882 1852 944; x_wconf 86' lang='lat' dir='ltr'><strong>Ecclesiastici</strong></span> 
     </span>
     <span class='ocr_line' id='line_1_8' title="bbox 157 969 1852 1057; baseline -0.004 -22"><span class='ocrx_word' id='word_1_41' title='bbox 157 970 399 1057; x_wconf 87' lang='lat' dir='ltr'><strong>aliquid</strong></span> <span class='ocrx_word' id='word_1_42' title='bbox 416 969 690 1031; x_wconf 83' lang='lat' dir='ltr'><strong>vendant</strong></span> <span class='ocrx_word' id='word_1_43' title='bbox 722 969 959 1051; x_wconf 83' lang='lat' dir='ltr'><strong>absque</strong></span> <span class='ocrx_word' id='word_1_44' title='bbox 993 971 1155 1052; x_wconf 77' lang='lat' dir='ltr'><strong>regis</strong></span> <span class='ocrx_word' id='word_1_45' title='bbox 1194 991 1484 1054; x_wconf 78' lang='lat' dir='ltr'><strong>expresso</strong></span> <span class='ocrx_word' id='word_1_46' title='bbox 1520 970 1852 1047; x_wconf 82' lang='lat' dir='ltr'><strong>mandat03</strong></span> 
     </span>
     <span class='ocr_line' id='line_1_9' title="bbox 158 1058 1854 1145; baseline -0.004 -21"><span class='ocrx_word' id='word_1_47' title='bbox 158 1062 439 1145; x_wconf 88' lang='lat' dir='ltr'><strong>alioquin</strong></span> <span class='ocrx_word' id='word_1_48' title='bbox 470 1058 767 1140; x_wconf 77' lang='lat' dir='ltr'><strong>Religiosi</strong></span> <span class='ocrx_word' id='word_1_49' title='bbox 818 1059 1054 1140; x_wconf 89' lang='lat' dir='ltr'><strong>optime</strong></span> <span class='ocrx_word' id='word_1_50' title='bbox 1094 1072 1275 1117; x_wconf 89' lang='lat' dir='ltr'><strong>erant</strong></span> <span class='ocrx_word' id='word_1_51' title='bbox 1309 1060 1547 1143; x_wconf 79' lang='lat' dir='ltr'>provisi</span> <span class='ocrx_word' id='word_1_52' title='bbox 1599 1061 1663 1117; x_wconf 91' lang='lat' dir='ltr'><strong>in</strong></span> <span class='ocrx_word' id='word_1_53' title='bbox 1719 1072 1854 1118; x_wconf 89' lang='lat' dir='ltr'><strong>toto</strong></span> 
     </span>
     <span class='ocr_line' id='line_1_10' title="bbox 153 1145 1855 1234; baseline -0.004 -21"><span class='ocrx_word' id='word_1_54' title='bbox 153 1172 351 1234; x_wconf 83' lang='lat' dir='ltr'><strong>regno</strong></span> <span class='ocrx_word' id='word_1_55' title='bbox 403 1171 438 1207; x_wconf 86' lang='lat' dir='ltr'><strong>a</strong></span> <span class='ocrx_word' id='word_1_56' title='bbox 494 1148 851 1206; x_wconf 72' lang='lat' dir='ltr'><strong>Christiano</strong></span> <span class='ocrx_word' id='word_1_57' title='bbox 896 1148 1024 1206; x_wconf 90' lang='lat' dir='ltr'><em>III.</em></span> <span class='ocrx_word' id='word_1_58' title='bbox 1072 1167 1238 1227; x_wconf 80' lang='lat' dir='ltr'><strong>rege.</strong></span> <span class='ocrx_word' id='word_1_59' title='bbox 1286 1182 1372 1192; x_wconf 92' lang='lat'><strong>-—</strong></span> <span class='ocrx_word' id='word_1_60' title='bbox 1421 1146 1588 1206; x_wconf 89' lang='lat' dir='ltr'><strong>Olim</strong></span> <span class='ocrx_word' id='word_1_61' title='bbox 1644 1145 1855 1207; x_wconf 87' lang='lat' dir='ltr'><strong>Eccle-</strong></span> 
     </span>
     <span class='ocr_line' id='line_1_11' title="bbox 159 1231 1855 1320; baseline -0.006 -19"><span class='ocrx_word' id='word_1_62' title='bbox 159 1243 284 1302; x_wconf 83' lang='lat' dir='ltr'><strong>siae</strong></span> <span class='ocrx_word' id='word_1_63' title='bbox 342 1233 895 1320; x_wconf 73' lang='lat' dir='ltr'><strong>septemtrionales</strong></span> <span class='ocrx_word' id='word_1_64' title='bbox 954 1231 1373 1316; x_wconf 81' lang='lat' dir='ltr'><strong>jurisdictioni</strong></span> <span class='ocrx_word' id='word_1_65' title='bbox 1430 1232 1629 1292; x_wconf 88' lang='lat' dir='ltr'><strong>Archi</strong></span> <span class='ocrx_word' id='word_1_66' title='bbox 1704 1234 1855 1317; x_wconf 89' lang='lat' dir='ltr'><strong>Epi-</strong></span> 
     </span>
     <span class='ocr_line' id='line_1_12' title="bbox 158 1321 1854 1411; baseline -0.005 -21"><span class='ocrx_word' id='word_1_67' title='bbox 158 1347 493 1411; x_wconf 88' lang='lat' dir='ltr'><strong>scoporum</strong></span> <span class='ocrx_word' id='word_1_68' title='bbox 569 1324 999 1383; x_wconf 85' lang='lat' dir='ltr'><strong>Bremensium</strong></span> <span class='ocrx_word' id='word_1_69' title='bbox 1067 1324 1200 1382; x_wconf 85' lang='lat' dir='ltr'><strong>sive</strong></span> <span class='ocrx_word' id='word_1_70' title='bbox 1279 1321 1854 1404; x_wconf 82' lang='lat' dir='ltr'><strong>Hamburgensium</strong></span> 
     </span>
     <span class='ocr_line' id='line_1_13' title="bbox 160 1409 1856 1496; baseline -0.004 -20"><span class='ocrx_word' id='word_1_71' title='bbox 160 1428 340 1479; x_wconf 87' lang='lat' dir='ltr'><strong>erant</strong></span> <span class='ocrx_word' id='word_1_72' title='bbox 377 1410 733 1496; x_wconf 81' lang='lat' dir='ltr'><strong>subjectae,</strong></span> <span class='ocrx_word' id='word_1_73' title='bbox 779 1409 883 1471; x_wconf 87' lang='lat' dir='ltr'><strong>sed</strong></span> <span class='ocrx_word' id='word_1_74' title='bbox 938 1426 1217 1492; x_wconf 86' lang='lat' dir='ltr'><strong>tempore</strong></span> <span class='ocrx_word' id='word_1_75' title='bbox 1265 1413 1447 1469; x_wconf 76' lang='lat' dir='ltr'><strong>Erici</strong></span> <span class='ocrx_word' id='word_1_76' title='bbox 1505 1413 1675 1469; x_wconf 80' lang='lat' dir='ltr'><strong>Boni</strong></span> <span class='ocrx_word' id='word_1_77' title='bbox 1727 1411 1856 1470; x_wconf 82' lang='lat' dir='ltr'><strong>Re-</strong></span> 
     </span>
     <span class='ocr_line' id='line_1_14' title="bbox 158 1497 1855 1588; baseline -0.003 -26"><span class='ocrx_word' id='word_1_78' title='bbox 158 1507 293 1588; x_wconf 77' lang='lat' dir='ltr'><strong>gis,</strong></span> <span class='ocrx_word' id='word_1_79' title='bbox 357 1523 521 1561; x_wconf 87' lang='lat' dir='ltr'><strong>nova</strong></span> <span class='ocrx_word' id='word_1_80' title='bbox 576 1498 747 1561; x_wconf 91' lang='lat' dir='ltr'><strong>sedes</strong></span> <span class='ocrx_word' id='word_1_81' title='bbox 807 1497 1004 1557; x_wconf 86' lang='lat' dir='ltr'><strong>Archi</strong></span> <span class='ocrx_word' id='word_1_82' title='bbox 1054 1499 1433 1581; x_wconf 87' lang='lat' dir='ltr'><strong>Episcopalis</strong></span> <span class='ocrx_word' id='word_1_83' title='bbox 1495 1513 1701 1559; x_wconf 81' lang='lat' dir='ltr'><strong>erecta</strong></span> <span class='ocrx_word' id='word_1_84' title='bbox 1763 1511 1855 1558; x_wconf 89' lang='lat' dir='ltr'><strong>est</strong></span> 
     </span>
     <span class='ocr_line' id='line_1_15' title="bbox 161 1586 1854 1669; baseline -0.006 -15"><span class='ocrx_word' id='word_1_85' title='bbox 161 1593 441 1654; x_wconf 81' lang='lat' dir='ltr'><strong>Lonclz&#39;m‘</strong></span> <span class='ocrx_word' id='word_1_86' title='bbox 480 1592 866 1662; x_wconf 64' lang='grc' dir='ltr'><strong>Εσαηονῑιῑη,</strong></span> <span class='ocrx_word' id='word_1_87' title='bbox 913 1588 1013 1645; x_wconf 92' lang='lat' dir='ltr'><strong>cui</strong></span> <span class='ocrx_word' id='word_1_88' title='bbox 1053 1586 1284 1669; x_wconf 86' lang='lat' dir='ltr'><strong>reliqui</strong></span> <span class='ocrx_word' id='word_1_89' title='bbox 1330 1588 1518 1647; x_wconf 90' lang='lat' dir='ltr'><strong>totius</strong></span> <span class='ocrx_word' id='word_1_90' title='bbox 1570 1587 1854 1669; x_wconf 88' lang='lat' dir='ltr'><strong>Septem-</strong></span> 
     </span>
     <span class='ocr_line' id='line_1_16' title="bbox 160 1674 1854 1760; baseline -0.004 -19"><span class='ocrx_word' id='word_1_91' title='bbox 160 1680 385 1741; x_wconf 88' lang='lat' dir='ltr'><strong>trionis</strong></span> <span class='ocrx_word' id='word_1_92' title='bbox 425 1677 711 1760; x_wconf 86' lang='lat' dir='ltr'><strong>Episcopi</strong></span> <span class='ocrx_word' id='word_1_93' title='bbox 734 1674 1046 1735; x_wconf 86' lang='lat' dir='ltr'><strong>suberant.</strong></span> <span class='ocrx_word' id='word_1_94' title='bbox 1093 1674 1448 1736; x_wconf 88' lang='lat' dir='ltr'><strong>Successive</strong></span> <span class='ocrx_word' id='word_1_95' title='bbox 1474 1676 1660 1734; x_wconf 85' lang='lat' dir='ltr'><strong>etiam</strong></span> <span class='ocrx_word' id='word_1_96' title='bbox 1700 1676 1854 1734; x_wconf 83' lang='lat' dir='ltr'><strong>Sve-</strong></span> 
     </span>
     <span class='ocr_line' id='line_1_17' title="bbox 159 1760 1854 1847; baseline -0.005 -18"><span class='ocrx_word' id='word_1_97' title='bbox 159 1771 252 1830; x_wconf 83' lang='lat' dir='ltr'><strong>cia</strong></span> <span class='ocrx_word' id='word_1_98' title='bbox 289 1781 351 1831; x_wconf 85' lang='lat' dir='ltr'><strong>et</strong></span> <span class='ocrx_word' id='word_1_99' title='bbox 387 1765 701 1847; x_wconf 76' lang='lat' dir='ltr'><strong>Norvegia</strong></span> <span class='ocrx_word' id='word_1_100' title='bbox 734 1785 873 1823; x_wconf 88' lang='lat' dir='ltr'><strong>suos</strong></span> <span class='ocrx_word' id='word_1_101' title='bbox 910 1764 1322 1845; x_wconf 81' lang='lat' dir='ltr'><strong>optinuerunt</strong></span> <span class='ocrx_word' id='word_1_102' title='bbox 1369 1760 1555 1821; x_wconf 85' lang='lat' dir='ltr'><strong>Archi</strong></span> <span class='ocrx_word' id='word_1_103' title='bbox 1599 1764 1854 1843; x_wconf 85' lang='lat' dir='ltr'><strong>Episco-</strong></span> 
     </span>
     <span class='ocr_line' id='line_1_18' title="bbox 155 1847 1856 1942; baseline -0.004 -27"><span class='ocrx_word' id='word_1_104' title='bbox 155 1878 299 1942; x_wconf 77' lang='lat' dir='ltr'><strong>p08‚</strong></span> <span class='ocrx_word' id='word_1_105' title='bbox 342 1876 468 1937; x_wconf 88' lang='lat' dir='ltr'><strong>quo</strong></span> <span class='ocrx_word' id='word_1_106' title='bbox 508 1856 788 1913; x_wconf 87' lang='lat' dir='ltr'><strong>instituto</strong></span> <span class='ocrx_word' id='word_1_107' title='bbox 849 1872 1045 1932; x_wconf 88' lang='lat' dir='ltr'><strong>quum</strong></span> <span class='ocrx_word' id='word_1_108' title='bbox 1078 1850 1347 1911; x_wconf 84' lang='lat' dir='ltr'><strong>inultum</strong></span> <span class='ocrx_word' id='word_1_109' title='bbox 1395 1849 1471 1910; x_wconf 91' lang='lat' dir='ltr'><strong>de</strong></span> <span class='ocrx_word' id='word_1_110' title='bbox 1526 1871 1632 1908; x_wconf 88' lang='lat' dir='ltr'><strong>sua</strong></span> <span class='ocrx_word' id='word_1_111' title='bbox 1670 1847 1856 1931; x_wconf 87' lang='lat' dir='ltr'><strong>juris-</strong></span> 
     </span>
     <span class='ocr_line' id='line_1_19' title="bbox 160 1937 1856 2005; baseline -0.005 0"><span class='ocrx_word' id='word_1_112' title='bbox 160 1946 430 2005; x_wconf 80' lang='lat' dir='ltr'><strong>dictione</strong></span> <span class='ocrx_word' id='word_1_113' title='bbox 471 1956 532 2002; x_wconf 92' lang='lat' dir='ltr'><strong>et</strong></span> <span class='ocrx_word' id='word_1_114' title='bbox 568 1941 934 1999; x_wconf 88' lang='lat' dir='ltr'><strong>auctoritate</strong></span> <span class='ocrx_word' id='word_1_115' title='bbox 973 1937 1274 1999; x_wconf 83' lang='lat' dir='ltr'><strong>decedere</strong></span> <span class='ocrx_word' id='word_1_116' title='bbox 1306 1940 1691 1999; x_wconf 72' lang='lat' dir='ltr'><strong>existimaret</strong></span> <span class='ocrx_word' id='word_1_117' title='bbox 1730 1938 1856 1998; x_wconf 88' lang='lat' dir='ltr'><strong>Ar-</strong></span> 
     </span>
     <span class='ocr_line' id='line_1_20' title="bbox 159 2025 1857 2113; baseline -0.006 -18"><span class='ocrx_word' id='word_1_118' title='bbox 159 2033 258 2096; x_wconf 85' lang='lat' dir='ltr'><strong>chi</strong></span> <span class='ocrx_word' id='word_1_119' title='bbox 303 2033 643 2113; x_wconf 76' lang='lat' dir='ltr'><strong>Episcopus</strong></span> <span class='ocrx_word' id='word_1_120' title='bbox 682 2031 1071 2102; x_wconf 69' lang='lat' dir='ltr'><strong>Lurzdensis‚</strong></span> <span class='ocrx_word' id='word_1_121' title='bbox 1118 2025 1368 2087; x_wconf 85' lang='lat' dir='ltr'><strong>tandem</strong></span> <span class='ocrx_word' id='word_1_122' title='bbox 1425 2026 1542 2086; x_wconf 87' lang='lat' dir='ltr'><strong>illis</strong></span> <span class='ocrx_word' id='word_1_123' title='bbox 1578 2029 1640 2084; x_wconf 92' lang='lat' dir='ltr'><strong>in</strong></span> <span class='ocrx_word' id='word_1_124' title='bbox 1684 2047 1857 2086; x_wconf 90' lang='lat' dir='ltr'><strong>com—</strong></span> 
     </span>
     <span class='ocr_line' id='line_1_21' title="bbox 160 2114 1857 2208; baseline -0.006 -25"><span class='ocrx_word' id='word_1_125' title='bbox 160 2121 586 2208; x_wconf 87' lang='lat' dir='ltr'><strong>pensationem</strong></span> <span class='ocrx_word' id='word_1_126' title='bbox 635 2141 670 2176; x_wconf 88' lang='lat' dir='ltr'><strong>a</strong></span> <span class='ocrx_word' id='word_1_127' title='bbox 719 2116 1015 2175; x_wconf 86' lang='lat' dir='ltr'><strong>Romanis</strong></span> <span class='ocrx_word' id='word_1_128' title='bbox 1073 2114 1482 2176; x_wconf 81' lang='lat' dir='ltr'><strong>Pontificibus</strong></span> <span class='ocrx_word' id='word_1_129' title='bbox 1545 2115 1857 2174; x_wconf 88' lang='lat' dir='ltr'><strong>consenti-</strong></span> 
     </span>
     <span class='ocr_line' id='line_1_22' title="bbox 160 2201 1855 2286; baseline -0.005 -14"><span class='ocrx_word' id='word_1_130' title='bbox 160 2208 408 2273; x_wconf 88' lang='lat' dir='ltr'><strong>entibus</strong></span> <span class='ocrx_word' id='word_1_131' title='bbox 461 2207 700 2265; x_wconf 88' lang='lat' dir='ltr'><strong>Daniae</strong></span> <span class='ocrx_word' id='word_1_132' title='bbox 730 2203 982 2286; x_wconf 80' lang='lat' dir='ltr'><strong>regibus</strong></span> <span class='ocrx_word' id='word_1_133' title='bbox 1025 2203 1237 2262; x_wconf 87' lang='lat' dir='ltr'><strong>datum</strong></span> <span class='ocrx_word' id='word_1_134' title='bbox 1271 2205 1422 2278; x_wconf 80' lang='lat' dir='ltr'><strong>fuit,</strong></span> <span class='ocrx_word' id='word_1_135' title='bbox 1466 2215 1537 2262; x_wconf 92' lang='lat' dir='ltr'><strong>ut</strong></span> <span class='ocrx_word' id='word_1_136' title='bbox 1564 2201 1855 2286; x_wconf 82' lang='lat' dir='ltr'><strong>deinceps</strong></span> 
     </span>
     <span class='ocr_line' id='line_1_23' title="bbox 160 2293 1855 2369; baseline -0.004 -15"><span class='ocrx_word' id='word_1_137' title='bbox 160 2302 479 2360; x_wconf 78' lang='lat' dir='ltr'><strong>‚Primates</strong></span> <span class='ocrx_word' id='word_1_138' title='bbox 524 2297 773 2352; x_wconf 77' lang='lat' dir='ltr'><strong>Svetiae</strong></span> <span class='ocrx_word' id='word_1_139' title='bbox 815 2305 876 2351; x_wconf 75' lang='lat' dir='ltr'><strong>et</strong></span> <span class='ocrx_word' id='word_1_140' title='bbox 914 2295 1152 2369; x_wconf 71' lang='lat' dir='ltr'><strong>Legati</strong></span> <span class='ocrx_word' id='word_1_141' title='bbox 1190 2293 1545 2366; x_wconf 77' lang='lat' dir='ltr'><strong>Apostolici</strong></span> <span class='ocrx_word' id='word_1_142' title='bbox 1572 2293 1855 2350; x_wconf 88' lang='lat' dir='ltr'><strong>nomina-</strong></span> 
     </span>
     <span class='ocr_line' id='line_1_24' title="bbox 161 2378 1854 2449; baseline -0.008 0"><span class='ocrx_word' id='word_1_143' title='bbox 161 2400 401 2449; x_wconf 84' lang='lat' dir='ltr'><strong>rentur.</strong></span> <span class='ocrx_word' id='word_1_144' title='bbox 492 2384 693 2443; x_wconf 84' lang='lat' dir='ltr'><strong>Porro</strong></span> <span class='ocrx_word' id='word_1_145' title='bbox 748 2395 937 2442; x_wconf 88' lang='lat' dir='ltr'><strong>status</strong></span> <span class='ocrx_word' id='word_1_146' title='bbox 977 2380 1279 2439; x_wconf 85' lang='lat' dir='ltr'><strong>Ecclesiae</strong></span> <span class='ocrx_word' id='word_1_147' title='bbox 1324 2394 1467 2440; x_wconf 81' lang='lat' dir='ltr'><strong>ante</strong></span> <span class='ocrx_word' id='word_1_148' title='bbox 1526 2378 1854 2440; x_wconf 85' lang='lat' dir='ltr'><strong>Reforma-</strong></span> 
     </span>
     <span class='ocr_line' id='line_1_25' title="bbox 162 2467 1854 2550; baseline -0.008 -13"><span class='ocrx_word' id='word_1_149' title='bbox 162 2479 397 2537; x_wconf 89' lang='lat' dir='ltr'><strong>tionem</strong></span> <span class='ocrx_word' id='word_1_150' title='bbox 479 2471 543 2528; x_wconf 89' lang='lat' dir='ltr'><strong>in</strong></span> <span class='ocrx_word' id='word_1_151' title='bbox 591 2472 784 2531; x_wconf 83' lang='lat' dir='ltr'><strong>Dania</strong></span> <span class='ocrx_word' id='word_1_152' title='bbox 827 2469 1010 2528; x_wconf 87' lang='lat' dir='ltr'><strong>etiam</strong></span> <span class='ocrx_word' id='word_1_153' title='bbox 1046 2468 1180 2526; x_wconf 89' lang='lat' dir='ltr'><strong>talis</strong></span> <span class='ocrx_word' id='word_1_154' title='bbox 1237 2470 1498 2542; x_wconf 78' lang='lat' dir='ltr'><strong>mansit,</strong></span> <span class='ocrx_word' id='word_1_155' title='bbox 1551 2467 1748 2550; x_wconf 87' lang='lat' dir='ltr'><strong>qualis</strong></span> <span class='ocrx_word' id='word_1_156' title='bbox 1788 2470 1854 2524; x_wconf 87' lang='lat' dir='ltr'><strong>in</strong></span> 
     </span>
     <span class='ocr_line' id='line_1_26' title="bbox 160 2554 1856 2642; baseline -0.007 -19"><span class='ocrx_word' id='word_1_157' title='bbox 160 2566 298 2624; x_wconf 89' lang='lat' dir='ltr'><strong>aliis</strong></span> <span class='ocrx_word' id='word_1_158' title='bbox 345 2561 554 2642; x_wconf 81' lang='lat' dir='ltr'><strong>regnis</strong></span> <span class='ocrx_word' id='word_1_159' title='bbox 587 2560 824 2642; x_wconf 79' lang='lat' dir='ltr'><strong>viguit,</strong></span> <span class='ocrx_word' id='word_1_160' title='bbox 858 2579 1083 2639; x_wconf 87' lang='lat' dir='ltr'><strong>nempe</strong></span> <span class='ocrx_word' id='word_1_161' title='bbox 1127 2556 1414 2638; x_wconf 84' lang='lat' dir='ltr'><strong>Episcopi</strong></span> <span class='ocrx_word' id='word_1_162' title='bbox 1461 2578 1724 2616; x_wconf 87' lang='lat' dir='ltr'><strong>summas</strong></span> <span class='ocrx_word' id='word_1_163' title='bbox 1758 2554 1856 2612; x_wconf 83' lang='lat' dir='ltr'><strong>di-</strong></span> 
     </span>
     <span class='ocr_line' id='line_1_27' title="bbox 164 2644 1856 2737; baseline -0.007 -25"><span class='ocrx_word' id='word_1_164' title='bbox 164 2656 427 2737; x_wconf 80' lang='lat' dir='ltr'><strong>gnitates</strong></span> <span class='ocrx_word' id='word_1_165' title='bbox 464 2660 837 2721; x_wconf 84' lang='lat' dir='ltr'><strong>tenuerunt,</strong></span> <span class='ocrx_word' id='word_1_166' title='bbox 883 2659 1063 2706; x_wconf 87' lang='lat' dir='ltr'><strong>erant</strong></span> <span class='ocrx_word' id='word_1_167' title='bbox 1100 2644 1192 2703; x_wconf 92' lang='lat' dir='ltr'><strong>illi</strong></span> <span class='ocrx_word' id='word_1_168' title='bbox 1242 2646 1656 2704; x_wconf 87' lang='lat' dir='ltr'><strong>communiter</strong></span> <span class='ocrx_word' id='word_1_169' title='bbox 1693 2645 1856 2703; x_wconf 81' lang='lat' dir='ltr'><strong>Can-</strong></span> 
     </span>
     <span class='ocr_line' id='line_1_28' title="bbox 157 2734 1882 2818; baseline -0.006 -18"><span class='ocrx_word' id='word_1_170' title='bbox 157 2741 427 2812; x_wconf 79' lang='lat' dir='ltr'><strong>cellarii‚</strong></span> <span class='ocrx_word' id='word_1_171' title='bbox 478 2737 736 2818; x_wconf 83' lang='lat' dir='ltr'><strong>Legati,</strong></span> <span class='ocrx_word' id='word_1_172' title='bbox 786 2755 965 2816; x_wconf 84' lang='lat' dir='ltr'><strong>saepe</strong></span> <span class='ocrx_word' id='word_1_173' title='bbox 1011 2735 1193 2792; x_wconf 89' lang='lat' dir='ltr'><strong>etiam</strong></span> <span class='ocrx_word' id='word_1_174' title='bbox 1255 2734 1458 2793; x_wconf 87' lang='lat' dir='ltr'><strong>Duces</strong></span> <span class='ocrx_word' id='word_1_175' title='bbox 1510 2734 1882 2807; x_wconf 75' lang='lat' dir='ltr'><strong>exercitu53·</strong></span> 
     </span>
     <span class='ocr_line' id='line_1_29' title="bbox 161 2822 1854 2903; baseline -0.008 -12"><span class='ocrx_word' id='word_1_176' title='bbox 161 2825 525 2890; x_wconf 82' lang='lat' dir='ltr'><strong>Sacerdotes</strong></span> <span class='ocrx_word' id='word_1_177' title='bbox 562 2839 624 2884; x_wconf 84' lang='lat' dir='ltr'><strong>et</strong></span> <span class='ocrx_word' id='word_1_178' title='bbox 659 2825 918 2884; x_wconf 92' lang='lat' dir='ltr'><strong>Diaconi</strong></span> <span class='ocrx_word' id='word_1_179' title='bbox 964 2824 1148 2881; x_wconf 85' lang='lat' dir='ltr'><strong>etiam</strong></span> <span class='ocrx_word' id='word_1_180' title='bbox 1186 2822 1606 2903; x_wconf 86' lang='lat' dir='ltr'><strong>sequebantur</strong></span> <span class='ocrx_word' id='word_1_181' title='bbox 1657 2834 1854 2880; x_wconf 85' lang='lat' dir='ltr'><strong>castra</strong></span> 
     </span>
     <span class='ocr_line' id='line_1_30' title="bbox 159 2911 1855 2998; baseline -0.005 -22"><span class='ocrx_word' id='word_1_182' title='bbox 159 2919 236 2980; x_wconf 81' lang='lat' dir='ltr'><strong>de</strong></span> <span class='ocrx_word' id='word_1_183' title='bbox 277 2919 412 2998; x_wconf 79' lang='lat' dir='ltr'><strong>lege</strong></span> <span class='ocrx_word' id='word_1_184' title='bbox 449 2916 628 2994; x_wconf 81' lang='lat' dir='ltr'><strong>regni</strong></span> <span class='ocrx_word' id='word_1_185' title='bbox 657 2928 941 2995; x_wconf 86' lang='lat' dir='ltr'><strong>tempore</strong></span> <span class='ocrx_word' id='word_1_186' title='bbox 986 2911 1393 2983; x_wconf 75' lang='lat' dir='ltr'><strong>necessitatis,</strong></span> <span class='ocrx_word' id='word_1_187' title='bbox 1439 2933 1578 2969; x_wconf 88' lang='lat' dir='ltr'><strong>nam</strong></span> <span class='ocrx_word' id='word_1_188' title='bbox 1613 2922 1855 2992; x_wconf 89' lang='lat' dir='ltr'><strong>tempo-</strong></span> 
     </span>
     <span class='ocr_line' id='line_1_31' title="bbox 160 2998 1851 3083; baseline -0.009 -15"><span class='ocrx_word' id='word_1_189' title='bbox 160 3009 333 3068; x_wconf 87' lang='lat' dir='ltr'><strong>ribus</strong></span> <span class='ocrx_word' id='word_1_190' title='bbox 396 3006 540 3062; x_wconf 75' lang='lat' dir='ltr'><strong>Olaz&#39;</strong></span> <span class='ocrx_word' id='word_1_191' title='bbox 588 3004 748 3082; x_wconf 81' lang='lat' dir='ltr'><strong>regis</strong></span> <span class='ocrx_word' id='word_1_192' title='bbox 803 3002 864 3057; x_wconf 89' lang='lat' dir='ltr'><strong>in</strong></span> <span class='ocrx_word' id='word_1_193' title='bbox 917 3021 1119 3083; x_wconf 81' lang='lat' dir='ltr'><strong>pugna</strong></span> <span class='ocrx_word' id='word_1_194' title='bbox 1163 3000 1327 3058; x_wconf 88' lang='lat' dir='ltr'><strong>inter</strong></span> <span class='ocrx_word' id='word_1_195' title='bbox 1373 3019 1577 3060; x_wconf 88' lang='lat' dir='ltr'><strong>caesos</strong></span> <span class='ocrx_word' id='word_1_196' title='bbox 1610 2998 1851 3056; x_wconf 78' lang='lat' dir='ltr'><strong>inventi</strong></span> 
     </span>
     <span class='ocr_line' id='line_1_32' title="bbox 161 3085 1940 3175; baseline -0.008 -19"><span class='ocrx_word' id='word_1_197' title='bbox 161 3109 304 3157; x_wconf 88' lang='lat' dir='ltr'><strong>sunt</strong></span> <span class='ocrx_word' id='word_1_198' title='bbox 374 3095 424 3153; x_wconf 83' lang='lat'><strong>5.</strong></span> <span class='ocrx_word' id='word_1_199' title='bbox 473 3091 796 3175; x_wconf 81' lang='lat' dir='ltr'><strong>Episcopi,</strong></span> <span class='ocrx_word' id='word_1_200' title='bbox 864 3102 923 3150; x_wconf 85' lang='lat' dir='ltr'><strong>et</strong></span> <span class='ocrx_word' id='word_1_201' title='bbox 978 3088 1078 3148; x_wconf 79' lang='lat'><strong>60.</strong></span> <span class='ocrx_word' id='word_1_202' title='bbox 1141 3085 1522 3150; x_wconf 83' lang='lat' dir='ltr'><strong>Sacerdotes.</strong></span> <span class='ocrx_word' id='word_1_203' title='bbox 1615 3085 1853 3148; x_wconf 70' lang='lat' dir='ltr'><strong>Ele-ctio</strong></span> <span class='ocrx_word' id='word_1_204' title='bbox 1939 3115 1940 3125; x_wconf 25' lang='grc' dir='ltr'><strong>κ</strong></span> 
     </span>
    </p>

    <p class='ocr_par' dir='ltr' id='par_1_3' title="bbox 1686 3172 1762 3233">
     <span class='ocr_line' id='line_1_33' title="bbox 1686 3172 1762 3233; baseline 0.013 -1"><span class='ocrx_word' id='word_1_205' title='bbox 1686 3172 1762 3233; x_wconf 84' lang='lat' dir='ltr'><strong>ad</strong></span> 
     </span>
    </p>
   </div>
  </div>
 </body>
</html>
