1940 3672
559 172 1172 242 Hispanorum.
1553 161 1629 217 47

50 346 120 412 L.
168 349 225 412 5.
275 354 448 411 Aelii
493 348 783 408 Antonini
818 343 1071 404 decades
1102 340 1272 401 duae.
1311 341 1544 398 Aluan·
1607 340 1727 392 Go-

51 443 223 496 metic'
260 440 393 498 Lib.
430 442 482 496 8.
518 449 579 494 et
619 433 899 492 aliorum.
938 433 1171 488 Tomus
1210 429 1315 487 III.
1369 427 1728 499 fIispmu'ae

54 531 425 585 Illustratae
452 520 688 606 prodiit
725 519 1117 598 Francofurti
1151 518 1334 578 1605.
1371 513 1473 572 fol.
1519 515 1576 572 in
1601 533 1730 591 quo

53 617 448 672 continentur
489 608 730 669 Indices
762 630 977 667 rerum
1019 605 1098 665 ab
1133 603 1519 686 Arragoniae
1567 601 1730 678 regi—

51 701 165 759 bus
199 713 522 781 gestarum.
563 699 869 770 Gaufredl
898 699 1296 754 Malaterrae
1328 689 1462 750 Lib.
1495 692 1547 748 4.
1584 689 1736 744 Ale—-

53 789 280 845 xandri
331 788 642 842 Coelesini.
689 784 827 843 Lib.
866 788 919 844 4.
957 784 1320 841 Bernharcli
1358 778 1626 837 Gomesic‘
1671 787 1734 832 et

53 876 436 948 flieronymi
479 867 768 930 Blancae
792 872 1266 940 Commentarii,
1315 864 1722 944 Genealogiae

56 960 347 1021 Tabulae.
388 973 497 1020 ete.
522 962 693 1020 Inter
731 961 1080 1042 Scriptores
1137 981 1285 1040 prae
1319 956 1538 1015 ceteris
1558 953 1735 1010 aesti-

51 1047 260 1106 mandi
310 1061 491 1108 sunt:
545 1051 889 1106 Roclericus
970 1047 1298 1119 Ximenes‚
1390 1044 1735 1100 Rodericus

63 1139 387 1209 Sanctum,
479 1149 541 1196 et
609 1139 879 1193 Joannes
941 1137 1270 1191 stlat-iana.
1329 1132 1489 1190 Sunt
1549 1130 1735 1187 etiam

55 1224 156 1282 alii
196 1226 546 1308 Scriptores
607 1224 984 1306 Hispaniae,
1065 1224 1157 1280 uti
1213 1222 1524 1279 Antonius
1585 1217 1738 1272 Bri-

47 1335 264 1390 gnous,
364 1315 643 1371 Florian.
723 1335 764 1368 a
846 1314 1092 1387 Campo·
1167 1313 1402 1368 Ludov.
1480 1308 1736 1378 Lopetz.

54 1403 368 1459 Bernard.
413 1404 826 1458 Justinianus.
868 1402 1096 1456 Petrus
1145 1399 1502 1455 BombinuS.
1552 1394 1737 1449 Clau-

57 1492 213 1548 dius,
280 1492 568 1548 Clemens,
626 1490 921 1564 Stephan.
988 1490 1289 1563 Garizay.
1338 1483 1622 1542 Michael
1656 1483 1740 1536 clu

61 1580 133 1635 V
123 1581 344 1635 erclier.
369 1578 525 1637 Prae
547 1576 680 1636 aliis
717 1573 1127 1636 aestimandus
1165 1575 1306 1634 Don
1339 1575 1547 1649 Diego
1579 1570 1740 1625 Saa-

57 1670 253 1722 veclra
341 1668 652 1724 Taxarclo.
757 1666 919 1724 Sunt
999 1664 1182 1724 etiam
1267 1663 1380 1744 qui
1468 1657 1741 1741 particu-

57 1752 253 1813 larem
311 1753 646 1836 Hispaniae
733 1753 1073 1812 Historiam
1139 1752 1523 1834 scripserunt
1610 1745 1734 1802 uti:

69 1843 314 1917 Caspar
362 1845 701 1918 Scioppius,
740 1845 1004 1899 ‚Hierom
1051 1843 1289 1899 Sarita.
1332 1840 1567 1896 Lucius
1602 1835 1740 1891 Me-

59 1933 329 1987 rinaeuS.
378 1932 606 1988 Franc.
671 1933 936 2008 Diegus.
1005 1933 1230 1988 Petrus
1269 1930 1517 1985 Marsa.
1556 1925 1741 1980 Jaco-

56 2018 168 2074 bus
188 2021 537 2076 Bracellus.
554 2022 814 2077 Carolus
834 2022 1207 2077 Ferrardus.
1221 2017 1558 2094 Gregorius
1578 2012 1744 2068 Lae-

60 2118 176 2164 tus.
222 2109 538 2165 Antonius
576 2111 648 2166 de
713 2108 1016 2165 Corduba.
1072 2109 1360 2164 Didacus
1413 2103 1740 2161 Mencloza.

58 2208 171 2254 etc,
226 2197 492 2254 Cerrera
546 2198 859 2254 Turianus
888 2216 1044 2276 quos
1082 2215 1292 2254 omnes
1347 2192 1409 2250 in
1450 2189 1745 2249 Latinum

59 2304 400 2343 sermonem
424 2283 740 2342 transtulit
755 2286 1130 2341 Franciseus
1152 2275 1747 2340 GuillimannusFri-

60 2371 245 2453 burgi
308 2373 489 2433 1608.
561 2375 654 2432 12.
715 2373 955 2431 Statum
1006 2370 1335 2431 Politicum
1409 2365 1743 2448 Hispaniae

62 2462 476 2542 scripserunt:
534 2464 833 2519 Camillus
879 2461 1190 2519 Rohellus.
1249 2460 1552 2534 Georgius
1620 2455 1744 2511 Lo-

48 2561 214 2624 petz.
256 2549 521 2607 Jacobus
543 2552 920 2608 Mainoldus.
962 2549 1527 2609 Praestantissimus
1553 2544 1744 2600 Joan-

65 2656 169 2693 nes
212 2640 282 2692 V
274 2640 560 2695 aldesius.
606 2640 783 2696 Joan.
811 2642 884 2696 de
930 2641 1110 2696 Laet.
1158 2639 1424 2695 leomas
1483 2635 1746 2705 Campa-

65 2728 244 2781 nella.
306 2728 657 2784 Ludovicus
693 2729 953 2784 Molina.
980 2727 1204 2783 Eritus
1243 2726 1578 2791 Puteanus,
1601 2720 1742 2776 Da-

63 2815 307 2868 mianus
347 2837 389 2870 a
435 2815 606 2872 Goes.
655 2815 748 2873 De
784 2816 937 2873 Jure
969 2814 1366 2872 successionis
1410 2807 1744 2888 Hispaniae

61 2902 477 2981 scripserunt:
526 2902 890 2978 Anonymus
920 2899 1260 2959 Gallorum.
1314 2898 1614 2973 Georgius
1677 2895 1749 2947 cle

63 2988 366 3047 Abusson.
427 2992 674 3048 Ulricus
723 2990 1273 3049 Obreclzmsdoan.
1312 2990 1536 3045 Franc.
1580 2984 1761 3039 Bud-

60 3081 207 3136 deus
248 3090 360 3137 ete.
393 3090 505 3136 ete.
668 3141 670 3143 ‚
1549 3070 1662 3128 Ca—
