1940 3672
361 178 684 235 Gallorum
717 186 779 231 et
822 176 1222 231 Francorum.
1496 174 1611 233 151

39 361 206 410 runt.
253 349 413 409 Dein
447 347 762 407 concitatis
807 345 873 402 in
915 344 1111 427 Regia
1144 342 1373 405 familia
1413 345 1703 428 Hispani-

39 460 109 498 ca
144 435 645 504 dissensionibus,
710 434 1091 492 occasionem
1134 435 1403 517 arripuit
1454 432 1712 495 fratrem

42 548 220 585 suum
250 524 578 596 Joseplmm
620 519 954 603 Hispaniae
1004 542 1215 602 regem
1258 519 1711 595 constituendi,

40 616 141 672 cui
212 614 275 668 in
353 628 544 689 regno
606 606 1012 690 Neapolitano
1068 629 1476 671 successorem
1542 606 1714 668 dedit

40 699 301 759 Affinem
334 699 559 752 Murat
604 696 787 753 1808.
834 695 1088 754 Familia
1126 698 1295 779 regia
1353 698 1715 755 Borbonica

40 809 118 848 ex
158 784 453 865 Hispania
483 783 547 840 iu
581 782 842 841 Galliam
873 783 992 843 fuit
1024 783 1306 857 abducta,
1342 783 1515 868 cujus
1550 786 1715 842 ami-

40 877 98 933 ci
142 874 204 931 in
248 871 542 953 Hispania
586 891 712 929 non
754 870 1061 946 contenti,
1098 871 1437 955 majoribus
1472 872 1718 932 viribus

40 959 231 1021 sedati
264 970 439 1031 sunt,
485 958 595 1039 qui
642 960 827 1017 ctiam
865 962 927 1017 in
964 981 1294 1042 congressu
1349 962 1718 1035 Etfnrtensi

42 1044 199 1107 nihil
235 1046 518 1110 obtinere
555 1058 857 1128 poterant.
905 1047 1007 1105 Sic
1060 1059 1370 1108 crescente
1412 1051 1718 1125 Napoleo-

45 1137 142 1192 nis
176 1135 476 1216 potentia,
520 1155 550 1190 a
597 1130 769 1215 cujus
805 1148 960 1193 nutu
1005 1147 1067 1194 et
1100 1134 1364 1195 arbitrio
1419 1133 1542 1217 jam
1589 1135 1719 1194 vita

47 1236 109 1282 et
141 1242 270 1280 sors
304 1222 547 1303 Regum
585 1232 648 1280 et
679 1222 1046 1305 Principum
1075 1222 1418 1305 pendebat3
1464 1222 1721 1282 Austria

47 1332 126 1370 ne
171 1308 482 1390 quondam
523 1308 602 1368 ab
645 1307 775 1392 ejus
826 1311 1098 1392 potentia
1150 1309 1422 1392 pendere
1465 1323 1722 1391 cogatur

45 1411 285 1457 mature
318 1396 609 1479 evigilare
646 1399 870 1479 coepit,
907 1394 1051 1456 hinc
1086 1398 1375 1458 collectus
1414 1398 1724 1457 exercitus

46 1488 110 1544 in
142 1483 366 1544 finibus
409 1486 708 1546 Bavariae
757 1484 881 1568 jam
937 1484 1244 1546 excubans
1305 1490 1482 1568 1809.
1541 1483 1725 1544 brevi

48 1577 420 1648 Napoleonis
454 1595 625 1633 arma
653 1574 928 1656 experiri
949 1572 1200 1648 debuit,
1239 1573 1339 1632 hic
1372 1575 1539 1635 enim
1556 1593 1726 1632 com-

45 1664 241 1721 missis
261 1661 511 1744 proeliis
546 1659 621 1718 ad
669 1665 878 1734 Tann,
912 1663 1368 1738 Landslzntnm,
1404 1663 1729 1736 Eckmz'c'lzl,

50 1764 113 1810 et
144 1752 587 1821 Ratisbonam,
624 1749 986 1808 victricibus
1028 1753 1214 1809 armis
1232 1751 1398 1810 ultro
1416 1747 1731 1832 profectus

51 1840 245 1920 ipsam
283 1842 588 1897 Viennam
622 1837 804 1917 cepit,
845 1835 1204 1897 Pontificem
1230 1838 1517 1898 omnibus
1551 1837 1732 1897 bonis

53 1927 261 2001 exuit,
304 1924 447 1984 hinc
482 1921 558 1984 ad
596 1926 840 1999 Aspera
885 1923 963 1982 ab
1009 1925 1477 1986 advenientibus
1539 1926 1734 2008 copiis

53 2013 424 2094 Hungaricis
467 2033 684 2092 magna
737 2010 908 2072 clade
963 2012 1366 2096 profligatus,
1429 2011 1603 2073 brevi
1653 2010 1732 2072 ad

61 2105 478 2178 chcgJ·a7nnm
511 2101 746 2172 victor,
797 2100 1002 2183 copias
1037 2099 1390 2162 Austriacas
1413 2099 1486 2158 ad
1531 2104 1735 2176 Znoy-

53 2212 220 2247 mam
252 2187 520 2272 repulit,
567 2209 694 2269 quo
732 2189 792 2246 in
831 2188 1107 2270 periculo
1148 2212 1269 2273 pax
1311 2193 1592 2248 Viennae
1639 2190 1737 2245 in-

59 2276 258 2337 eunda
291 2290 458 2349 erat,
501 2277 562 2335 vi
595 2272 768 2357 cujus
801 2296 928 2334 non
958 2275 1143 2336 modo
1167 2276 1376 2338 Italiae
1399 2291 1460 2338 et
1477 2279 1737 2336 Germa-

55 2367 192 2425 niae
228 2365 449 2424 multas
482 2365 869 2446 provincias,
905 2362 1009 2424 sed
1044 2368 1226 2425 etiam
1261 2367 1542 2439 Istriam,
1582 2366 1737 2423 Ter-

53 2469 292 2535 gestum
318 2497 332 2526 ,
372 2465 612 2536 partem
652 2452 933 2512 Croatiae
962 2466 1022 2512 et
1044 2453 1370 2528 Galliciae,
1408 2452 1737 2513 Austriaco

56 2542 330 2624 Imperio
367 2540 609 2599 ademit.

218 2627 600 2687 Durantibus
620 2623 710 2686 his
728 2624 1013 2688 fortunae
1034 2627 1582 2700 vicissitudinibus,
1606 2625 1738 2684 An-

59 2713 144 2797 gli
174 2714 327 2776 duce
385 2718 485 2773 W
473 2718 801 2791 ellingtone
842 2716 1092 2776 interim
1125 2716 1516 2777 Hollandiam
1546 2734 1737 2772 occu-

61 2817 276 2885 pantes
299 2848 314 2877 ,
356 2801 679 2862 Gallorum
712 2804 877 2861 vires
908 2805 970 2860 in
992 2825 1056 2863 se
1086 2815 1534 2863 converterunt
1565 2798 1735 2859 adeo:

66 2902 137 2948 ut
167 2889 325 2948 Galli
347 2890 525 2949 brevi
560 2910 769 2948 omnes
798 2892 1258 2971 regionesinter
1286 2913 1454 2949 mare
1472 2900 1736 2970 Septem-

65 2977 324 3039 trionale
365 2989 425 3039 et
459 2973 798 3038 Balthicum
838 2980 973 3038 sitas
1001 2981 1093 3039 sui
1128 2976 1279 3062 juris
1319 2977 1623 3046 facerent,
1677 2987 1741 3038 ct

716 3087 737 3121 ι
787 3070 820 3125 2
1475 3085 1648 3126 com-
