1940 3672
650 197 1137 253 Svecorum.
1547 190 1675 253 245

96 398 294 442 ar·tes
281 380 460 463 ‚plo⁸
482 394 641 455 quor
646 394 750 431 um
781 369 1060 431 culturae
1091 390 1159 429 ac
1179 368 1601 430 civilisationis
1634 368 1776 430 fun-

99 471 383 530 (lamento
428 464 684 520 Carolus
732 461 846 517 XI.
880 459 1134 519 Sveciae
1151 479 1264 518 rex
1295 455 1545 518 Scholas
1562 457 1772 558 publi-

103 580 200 617 cas
258 553 478 615 ibidem
534 549 749 607 erexit.
806 545 938 604 Sub
994 550 1267 606 Gustavo
1311 545 1422 605 III.
1450 547 1663 629 sopitis
1684 544 1775 603 fa-

101 643 436 710 ctionibus,
484 650 644 694 artes
685 648 748 693 et
784 635 1070 695 scientiae
1107 647 1285 695 erant
1322 645 1574 708 auctae,
1635 635 1779 716 qui-

102 734 216 792 hus
252 730 434 788 etiam
464 721 646 783 hodie
684 723 934 805 optimis
952 723 1242 784 institutis
1272 721 1608 786 salubriter
1630 742 1779 805 pro-

108 830 382 902 spectum
428 824 532 871 est.

119 1072 249 1082 ——-—-

465 1304 1071 1456 Caput
1188 1301 1472 1411 VII.

332 1636 649 1694 Exhibeas
694 1636 1053 1692 Historiam
1092 1636 1547 1696 Helvetiorum.

121 1855 171 1912 1
197 1786 596 1915 Statistico
638 1849 1081 1924 Geograplzica
1110 1854 1280 1909 notio
1301 1851 1795 1912 Helvetiae.Re-

114 1945 215 2026 gio
264 1959 424 2022 quae
455 1939 616 1996 inter
647 1949 922 1995 montem
956 1938 1224 2013 saram,
1307 1940 1508 2000 lacum
1567 1943 1791 1998 Lema-

114 2051 294 2098 nam,
328 2024 563 2084 Italiam
606 2036 667 2085 et
712 2021 1000 2082 Rhenum
1039 2029 1153 2084 sita
1202 2042 1330 2102 est,
1395 2025 1517 2110 jam
1568 2028 1714 2088 olim
1768 2052 1800 2087 a

113 2115 408 2176 Romanis
464 2115 762 2172 Helvetia
798 2112 1178 2189 vocabatur,
1216 2139 1360 2175 nam
1411 2117 1480 2175 L.
1548 2119 1799 2174 Cassius

118 2202 343 2263 Consul
386 2224 420 2259 a
455 2201 770 2282 Tigurinis
816 2199 1005 2260 Gallis
1037 2225 1195 2285 pago
1234 2203 1751 2279 ,Ηείνθῐὶοηιῑη,
1736 2228 1800 2263 1n

123 2289 350 2351 finibus
412 2287 826 2368 Allobrogum
892 2309 1036 2349 cum
1074 2293 1354 2351 exercitu
1398 2312 1604 2352 caesus
1649 2291 1805 2367 fuit3

121 2400 250 2462 quo
281 2392 562 2459 tempore
588 2375 874 2457 Tigurini
893 2376 1160 2438 Cimbris
1185 2401 1248 2440 se
1272 2377 1554 2461 junxere.
1573 2384 1636 2456 a)
1651 2379 1804 2440 Hel-

119 2468 284 2526 vetia
330 2463 514 2525 habet
549 2462 625 2522 ad
674 2477 882 2522 ortum
926 2466 1300 2526 Comitatum
1365 2467 1804 2548 Tyrolensem‚

122 2553 200 2613 ad.
244 2552 563 2613 meridiem
595 2550 780 2633 Alpes
801 2551 1062 2629 Cofflas,
1102 2554 1544 2616 Lombardiatn
1578 2570 1640 2618 et
1679 2570 1805 2613 tra-

122 2655 290 2701 ctum
315 2639 840 2700 Pedemontanum
857 2663 873 2717 3
918 2640 996 2700 ad
1019 2641 1401 2704 occidentem
1435 2642 1806 2704 Sabaudiam

128 2743 192 2787 et
229 2725 690 2809 Burgundiam3
759 2724 835 2785 ad
906 2729 1428 2812 Septemtrionem
1501 2729 1808 2792 Rhenum.

129 2815 566 2876 Helvetiorum
603 2812 757 2876 fines
787 2816 852 2874 in
897 2815 1346 2898 longitudinem
1383 2817 1507 2903 jam
1572 2823 1807 2878 Caesar

954 2905 1075 2983 92
1659 2906 1726 2986 a)

205 3114 265 3177 a)
304 3112 543 3185 Epitom.
570 3112 733 3171 Livii.
764 3114 825 3170 L.
860 3110 944 3168 67.
972 3113 1266 3187 Eutropius
1303 3114 1369 3173 L.
1402 3110 1451 3166 5.
