1940 3672
213 198 250 255 4
750 198 1180 255 IIistoricz

129 380 558 455 thaginensem
603 379 952 449 Galiciam,
1001 388 1064 434 et
1096 375 1528 450 Tingitanam.
1570 370 1823 432 Mauro-

131 489 271 524 rum
305 480 509 526 autem
550 479 831 548 tempore
870 464 1138 546 plurima
1174 483 1362 543 regna
1388 474 1561 520 erant
1604 463 1668 517 in
1708 462 1824 519 Hi-

130 556 337 637 spania
365 600 380 629 ,
418 575 580 636 quae
626 554 1001 634 posteriores
1039 551 1103 606 in
1138 549 1216 607 V.
1260 547 1607 608 diviserunt
1651 571 1828 608 nem-

137 665 215 726 pe
241 664 253 701 ε
313 645 625 700 Castellcze
652 684 666 712 ,
698 644 1070 715 Aragonzcm
1098 680 1113 709 ,
1147 640 1583 715 Portagccllc'ae
1600 683 1616 708 ,
1659 640 1828 695 Gra-

133 742 328 788 natae
370 744 432 790 et
474 732 833 786 Naum-rae.
887 725 1236 783 Novissima
1272 739 1480 785 autem
1522 725 1828 785 distribu-

139 822 308 878 tione
356 819 416 876 in
475 818 591 874 tria
631 835 820 895 regna
880 827 1081 872 totum
1132 813 1472 893 Imperium
1527 812 1832 872 dividitur

136 908 231 964 uti
269 907 645 982 ,At-agoniae,
686 905 1003 972 Castiliae,
1026 913 1087 959 et
1111 901 1555 977 Portugalliae.
1578 903 1706 960 Sub
1742 924 1834 960 re-

137 1015 259 1076 gno
299 994 669 1071 Aragom'ae
714 985 1327 1072 comprehenduntur
1373 1003 1621 1069 praeter
1662 991 1838 1047 Ara»

130 1086 437 1160 gorziam,
482 1082 849 1154 Catalom'cz,
898 1078 1236 1149 Valentia,
1286 1078 1641 1151 Minorica,
1685 1080 1835 1136 Ma-

123 1174 360 1249 joriccz.
417 1170 486 1228 In
522 1189 715 1250 regno
750 1166 1037 1226 Castiliae
1071 1178 1243 1228 sunt:
1289 1164 1596 1238 Biscaia,
1643 1166 1831 1222 Leon.

137 1260 449 1332 Asturia,
497 1258 831 1330 Galaecia,
879 1256 1379 1326 Estremadzcra,
1427 1256 1792 1312 Andalzcsia
1818 1298 1835 1327 ,

147 1350 479 1420 Gratuita,
527 1347 824 1418 Murcia,
871 1357 1142 1424 utraque
1195 1343 1466 1399 Castilia
1483 1363 1627 1400 cum
1667 1342 1839 1401 insu-

142 1434 217 1496 lis
270 1437 585 1495 Canariis.
636 1432 737 1491 Ad
778 1434 1070 1515 Regnum
1108 1428 1520 1511 Portugalliae
1556 1432 1833 1512 pertinet

145 1526 471 1601 Algarbia
514 1520 696 1581 hodie
741 1523 927 1580 etiam
964 1521 1265 1578 Brazilia
1306 1520 1369 1576 in
1404 1519 1720 1579 America.
1764 1517 1839 1577 In

145 1626 283 1673 toto
328 1633 523 1695 regno
563 1609 694 1670 fere
729 1611 1093 1668 innumerae
1132 1620 1277 1667 sunt
1310 1605 1497 1667 urbes
1521 1653 1536 1682 ,
1570 1629 1838 1689 quarum

146 1702 513 1787 praecipuae
549 1711 720 1758 sunt:
770 1700 1158 1768 Madritum,
1221 1697 1518 1770 Hispalis
1580 1719 1687 1753 sea
1734 1697 1845 1753 Se·-

144 1793 302 1850 m‘lla
327 1834 344 1865 ,
380 1788 698 1848 Lisabona
719 1829 736 1860 ,
789 1789 1105 1858 Tarraco,
1174 1786 1470 1840 Granata
1492 1827 1508 1858 ,
1580 1786 1843 1860 Pompe-

151 1883 331 1953 lona,
385 1879 690 1936 Valencia
719 1919 734 1950 ,
781 1876 1096 1946 Barcino,
1143 1872 1345 1948 Legio
1387 1892 1494 1930 seu
1535 1874 1741 1945 Leon,
1777 1873 1837 1928 S.

149 1971 370 2028 Lacar
394 2011 410 2042 ,
457 1965 780 2035 Corduba,
823 1963 1128 2020 Nebrissa
1153 2003 1168 2032 ,
1224 1961 1634 2034 Compostella
1659 2004 1675 2035 ,
1730 1961 1846 2018 To-

151 2060 343 2116 letum
361 2101 381 2130 ,
417 2055 872 2127 Salamantica,
909 2052 1298 2126 Complutum
1319 2091 1334 2120 ,
1381 2050 1596 2106 Pintia
1627 2093 1643 2122 ,
1694 2051 1849 2107 Cae-

152 2167 265 2203 sar
303 2149 595 2221 Augusta
632 2162 739 2202 seu
780 2143 1139 2218 Saragossa
1171 2150 1283 2196 etc.
1312 2136 1608 2220 Hispania
1633 2136 1847 2195 multis

149 2235 448 2315 irrigatur
489 2229 730 2302 fluviiS,
778 2228 1100 2312 praecipui
1146 2238 1306 2286 sunt.
1395 2226 1615 2283 Iberus
1641 2269 1658 2299 ,
1695 2228 1841 2283 Da-

155 2326 326 2396 rius,
372 2323 616 2380 Minius
662 2321 872 2396 Tagus
910 2315 1196 2376 auriferis
1216 2316 1420 2373 arenis
1465 2316 1748 2397 copiosus
1779 2314 1846 2392 a)

151 2418 325 2468 Anas
361 2431 467 2469 seu
496 2410 835 2466 Gaadiana
868 2420 980 2466 etc.
1017 2405 1178 2464 Sunt
1202 2404 1313 2484 qui
1354 2403 1472 2463 150
1496 2416 1848 2476 numerant,

152 2502 294 2558 etin
323 2500 394 2558 iis
420 2509 638 2580 pontes
679 2499 821 2556 700.
860 2497 1025 2555 inter
1063 2513 1218 2576 quos
1238 2490 1636 2566 nobilissimi,
1664 2494 1855 2568 Sego-

152 2590 296 2645 viae
327 2601 390 2647 et
427 2587 823 2644 Alcantarae
861 2597 1018 2643 sunt.
1067 2585 1281 2640 Lacus
1332 2579 1686 2662 complures
1718 2579 1850 2662 pla-

155 2698 236 2736 ne
272 2672 706 2746 admirabileS,
753 2673 842 2731 sic
888 2671 1054 2731 lacus
1088 2690 1286 2752 prope
1314 2670 1630 2744 Bejczram
1670 2670 1850 2750 oppi-

156 2763 326 2842 dum,
350 2764 626 2824 futuram
641 2760 936 2847 pluviam,
958 2759 1410 2840 turbinemque
1430 2779 1653 2841 magno
1691 2759 1850 2817 {ieris

1666 2868 1764 2905 so-

234 3023 294 3098 a)
333 3023 553 3074 Solinus
586 3021 643 3073 in
678 3017 1061 3088 Polyhistore,
1093 3024 1149 3067 et
1180 3012 1422 3069 Isidorus
1476 3013 1538 3066 L.
1579 3007 1663 3064 13.
1717 3010 1854 3078 Ety-

313 3094 516 3164 molog.
553 3111 600 3147 c.
641 3086 724 3143 21.
