1940 3672
273 169 396 228 254
809 172 1233 228 IIistoria

186 346 672 431 Rempublicam.
767 349 828 427 a)
909 350 1048 420 Quo
1112 351 1176 407 in
1236 345 1400 406 bello
1462 350 1862 409 novissimum

189 439 435 495 virtutis
467 457 607 494 suae
657 435 980 517 Specimen
1025 435 1354 496 ediderunt
1375 435 1689 513 Helvetii,
1737 442 1862 499 imo

185 527 373 585 etiam
409 525 683 605 specioso
727 535 1108 581 assertorum
1157 527 1392 582 Italiae
1443 524 1622 584 titulo
1661 528 1862 585 ornati

189 626 347 672 sunt.
413 612 515 669 Sic
563 611 804 669 eximiis
843 613 1115 670 victoriis
1147 611 1297 670 clari
1342 615 1507 673 vires
1553 634 1688 672 suas
1733 636 1870 675 sen—

185 703 302 761 sim
342 711 671 780 augente8‚
719 720 792 758 eo
841 712 1090 758 cunctos
1130 699 1512 782 Imperantes
1544 723 1871 783 permove—

186 798 379 859 runt,
425 799 495 844 ut
529 806 676 869 pace
706 785 1124 870 Westphalica
1177 788 1358 848 1648.
1407 791 1684 847 unanimi
1716 810 1871 848 con—-

188 895 367 935 sensu
415 872 854 950 decernerent,
916 897 995 934 ne
1040 874 1112 932 ad
1161 874 1498 937 foederatas
1546 876 1873 936 Helvatiae

194 964 552 1046 provincias
604 960 890 1045 deinceps
937 961 1283 1045 quidquam
1329 963 1477 1045 juris
1536 979 1643 1023 aut
1694 989 1874 1047 prae—

194 1052 491 1110 tensionis
560 1050 677 1108 sibi
740 1053 1057 1134 Principes
1134 1051 1404 1113 formare
1467 1052 1707 1113 valeant
1769 1067 1877 1113 aut

192 1140 442 1222 possint.
504 1139 682 1198 Licet
729 1153 938 1199 autem
968 1153 1250 1221 respectu
1287 1161 1699 1224 expensarum
1745 1143 1878 1200 exi-

195 1248 347 1308 guos
403 1240 743 1310 proventus
785 1225 1005 1287 habeat
1039 1228 1363 1303 Helvetia,
1409 1231 1749 1311 potentiam
1783 1241 1878 1286 ta—

201 1337 343 1374 men
387 1315 672 1376 bellicam
717 1316 800 1376 ob
832 1338 1125 1398 magnum
1162 1316 1501 1376 incolarum
1543 1339 1876 1378 numerum

197 1403 623 1462 admirandam
673 1402 892 1479 habet,
938 1427 1080 1463 nam
1126 1407 1335 1464 cuncti
1394 1407 1517 1463 viri
1577 1405 1654 1466 ab
1714 1427 1879 1467 anno

200 1493 413 1551 aetatis
462 1491 702 1551 decimo
747 1507 955 1567 sexto,
1003 1515 1200 1575 usque
1244 1494 1461 1553 aetatis
1513 1516 1743 1552 annum
1780 1515 1880 1553 se-

203 1582 585 1663 xagesimum
630 1593 911 1664 tempore
959 1581 1103 1641 belli
1151 1581 1294 1640 dato
1329 1583 1393 1638 in
1445 1595 1657 1642 monte
1703 1604 1884 1666 prae-

204 1667 329 1726 alto
382 1670 538 1750 ignis
570 1669 780 1749 signo,
827 1671 997 1728 cunti
1049 1667 1125 1727 ad
1179 1691 1349 1725 arma
1393 1671 1724 1729 convolare
1769 1669 1883 1728 ob·-

211 1756 498 1838 ligantur.
554 1757 716 1814 Hinc
762 1756 964 1815 solum
1020 1759 1258 1814 Canton
1297 1760 1500 1814 Berua
1553 1760 1692 1817 100.
1739 1757 1884 1817 mil-

212 1843 291 1902 lia
351 1857 732 1903 armatorum
782 1859 1050 1905 statuere
1111 1858 1363 1928 protest,
1455 1845 1746 1904 Ceterum
1792 1861 1885 1905 ta-

208 1952 353 1990 men
399 1931 837 1991 Helvetiorum
884 1946 1115 1991 tantam
1175 1934 1511 2014 potentiam
1566 1936 1886 1995 intestinae

209 2019 614 2080 dissensiones
659 2020 897 2080 artibus
943 2021 1268 2080 Gallorum
1320 2035 1687 2082 sustentatae
1733 2022 1886 2083 adeo

209 2107 662 2168 ,recentioribus
727 2106 1116 2191 temporibus
1170 2108 1604 2169 debilitarunt:
1671 2124 1742 2169 ut
1791 2134 1890 2171 re-

209 2207 382 2256 tento
428 2196 557 2256 solo
603 2196 905 2259 libertatis
964 2197 1184 2271 titulo,
1221 2219 1284 2256 se
1349 2200 1614 2278 imperio
1662 2202 1886 2275 Napo-

210 2287 401 2342 leom‘s
451 2282 581 2345 sere
626 2286 995 2346 submittere
1042 2297 1401 2367 cogeretur,
1436 2283 1631 2346 donec
1680 2287 1891 2347 Gallo-

210 2395 352 2431 rum
405 2369 718 2448 hostibus,
763 2376 926 2433 viam
990 2394 1101 2457 per
1147 2372 1370 2433 limites
1427 2394 1565 2433 suos
1615 2379 1892 2457 aperuis-

214 2474 336 2537 set,
383 2460 455 2519 iis
488 2483 614 2542 que
662 2461 989 2524 auxiliares
1048 2463 1253 2544 copias
1299 2460 1706 2544 praebuisset:
1760 2486 1887 2546 quo

216 2546 378 2607 facto
440 2549 725 2610 Helvetia
774 2553 1101 2634 antiquam
1152 2549 1502 2610 libertatem
1553 2550 1734 2633 plene
1788 2575 1894 2613 re—

213 2635 572 2696 vindicavit.
618 2639 694 2720 b)

1653 2749 1700 2827 §5-
1752 2751 1806 2808 5.

285 2919 364 2983 a)
418 2917 783 2981 Pircheimer,
829 2921 895 2972 de
932 2921 1080 2971 Bello
1113 2921 1407 2974 Helvetico.
1446 2923 1511 2977 L.
1551 2920 1600 2972 2.
1639 2921 1895 2978 Naucler.

362 2998 600 3055 generat.
640 2990 724 3046 50.
762 2991 988 3043 Mutius,
1038 2992 1100 3043 L.
1138 2989 1223 3043 30.
1297 2989 1368 3061 b)
1422 2991 1720 3042 Historiam
1768 2993 1901 3042 Hel-

363 3058 632 3111 vetiorum
689 3061 1041 3133 scripserunt
1074 3062 1226 3114 Joan.
1282 3061 1456 3117 Henr.
1494 3061 1850 3131 Hottingerus
1886 3100 1901 3122 ‚
