1940 3672
175 137 294 194 412
781 142 1223 201 IIistot·ia

79 314 381 376 Ecclesiae
410 314 591 379 decus
628 331 688 380 et
732 334 1202 398 ornamentum,
1248 319 1513 383 subditis
1546 336 1764 383 contr-a

78 401 328 464 hostiles
360 407 624 488 impetus
671 409 1221 491 tranquillitatem,
1271 413 1387 471 toti
1439 431 1594 470 vero
1648 412 1765 469 Pa-

74 495 234 552 triae
278 494 588 577 publicam
611 493 963 557 felicitatem
984 498 1204 559 reddit.
1233 502 1614 558 Diuturnum
1635 498 1768 559 bel-

73 578 205 638 lum
243 602 384 641 cum
418 604 637 664 magna
676 587 989 667 sanguinis
1029 588 1330 648 effusione
1363 600 1635 670 gestum⁷
1676 586 1766 646 fe-

73 666 280 729 liciter
317 671 378 728 in
424 670 972 734 confoederatione
999 677 1304 758 imprimis
1342 677 1595 735 Russiae
1641 676 1765 733 Im·-

72 758 378 840 peratoris
421 759 771 819 Alexandri
806 764 856 818 I.
892 773 951 821 et
992 763 1307 824 Borussiae
1359 765 1557 846 regiS,
1614 765 1765 822 alio-

68 865 340 927 rumque
389 846 783 931 Principum,
849 851 1242 927 terminavit3
1301 874 1459 934 quae
1505 849 1765 912 totidem

72 945 216 991 sunt
264 935 632 995 immortalia
667 935 1058 1015 documenta3
1095 939 1403 1000 Historiae
1425 938 1761 1020 aliquando

68 1020 409 1081 inserenda.
459 1024 662 1095 Quem
701 1029 880 1086 Dea-s·
902 1030 1293 1111 omnipotens
1316 1042 1629 1110 tamquam
1648 1050 1761 1110 op-

65 1109 287 1168 timum
320 1111 564 1171 Patrem
611 1115 853 1175 Patriae
901 1114 1008 1175 diu
1049 1115 1421 1177 incolumem
1454 1128 1515 1175 et
1573 1136 1761 1198 vege-

64 1211 196 1257 tum
238 1214 598 1274 conservet,
635 1216 705 1260 ut
736 1202 853 1262 sub
897 1203 1386 1265 Clementissimo
1437 1204 1763 1286 Regimine

64 1285 312 1345 Patriae
349 1285 604 1348 felicitas
651 1289 1010 1353 efflorescat.

222 1374 267 1452 ᾗ.
320 1372 375 1432 5.
416 1378 638 1436 Status
672 1382 1044 1438 Literarzmz
1084 1393 1145 1439 et
1189 1382 1463 1439 Artium.
1504 1379 1755 1461 Hunga-

59 1481 163 1520 ros
208 1462 271 1520 in
317 1463 697 1525 Pannoniam
728 1470 1049 1530 venientes
1096 1468 1560 1553 Analphabetos
1623 1490 1753 1526 non

59 1548 278 1625 fuisse,
323 1551 570 1633 politica
604 1577 841 1628 eorum,
894 1570 956 1617 et
1002 1557 1163 1638 leges
1198 1561 1260 1615 in
1303 1558 1444 1616 Asia
1478 1556 1635 1615 latae
1661 1577 1756 1614 sa-

58 1637 138 1696 tis
184 1636 439 1699 docent:
489 1639 689 1701 sedin
741 1643 1108 1703 adnotandis
1138 1646 1325 1705 rebus
1378 1647 1500 1703 suis
1533 1666 1753 1725 parum

57 1724 346 1801 solliciti,
405 1728 585 1812 plura
633 1732 833 1791 lucem
873 1735 1099 1793 merita
1146 1733 1459 1814 publicam
1500 1744 1752 1790 aeterna

58 1828 242 1874 nocte
277 1816 709 1889 tumularunt,
750 1823 1046 1901 quoniam
1085 1819 1176 1879 his
1226 1819 1565 1878 Annalium
1614 1819 1749 1878 loco

57 1916 237 1961 erant
263 1900 470 1965 hastae
488 1951 503 1980 ,
551 1906 759 1987 gladii,
785 1906 1124 1970 debellatae
1152 1911 1528 1992 provinciae.
1567 1907 1753 1967 Exte-

56 1990 114 2046 ri
147 1991 333 2050 etiam
372 1990 448 2052 de
490 2016 707 2054 eorum
744 1995 930 2056 rebus
965 2000 1182 2080 primis
1215 2020 1437 2080 parum
1474 1996 1750 2056 scribere

56 2090 431 2159 potuerunt,
488 2081 587 2142 vel
654 2084 826 2165 quod
872 2089 1176 2146 sermonis
1237 2108 1349 2144 usu
1417 2098 1745 2145 carerent:

54 2164 156 2223 vel
197 2182 417 2249 sponte
457 2174 822 2253 peregrinae
859 2176 1057 2254 gentis
1116 2187 1247 2232 acta
1295 2173 1490 2232 literis
1547 2175 1748 2232 consi-

53 2274 244 2333 gnare
284 2257 777 2324 intermiserunt:
813 2276 974 2323 artes
1013 2265 1197 2345 proin
1231 2275 1293 2321 et
1316 2264 1608 2322 scientiae
1641 2283 1747 2320 ne-

52 2341 286 2422 glectae
317 2358 491 2404 erant
537 2369 733 2430 usque
771 2347 920 2410 dum
955 2354 1144 2408 Geisa
1193 2351 1584 2432 cognovisset
1619 2363 1745 2410 ter-

51 2452 185 2489 ram
213 2452 378 2491 suam
409 2455 536 2494 esse
574 2435 800 2503 bonam
819 2452 880 2497 et
914 2437 1205 2512 fertilem,
1231 2440 1340 2520 qui
1377 2439 1563 2498 etiam
1603 2459 1743 2496 sva-

48 2520 127 2576 sit
163 2522 332 2600 genti
378 2543 540 2593 suae,
575 2538 645 2583 ut
676 2547 847 2585 arma
865 2525 1226 2611 deponeret,
1248 2539 1309 2586 et
1347 2547 1581 2585 merces
1605 2546 1744 2583 suas

47 2610 253 2688 potius
298 2611 518 2671 vicinis
565 2610 973 2685 distraheret,
1028 2636 1182 2697 quas
1240 2615 1359 2674 sibi
1411 2616 1735 2696 provincia

47 2714 158 2753 sua
198 2697 458 2780 amplius
491 2702 885 2781 germinaret.
935 2704 1054 2761 Hic
1093 2703 1272 2762 simul
1313 2704 1498 2762 etiam
1524 2702 1741 2761 Mona-

46 2780 175 2842 cliis
208 2798 269 2844 et
311 2785 567 2846 Clericis
610 2803 975 2870 potestatem
1019 2793 1318 2850 concessit
1351 2813 1523 2850 suam
1560 2812 1737 2871 prae-

48 2874 309 2934 sentiam
338 2872 622 2951 adeundi‚
671 2891 733 2937 et
764 2876 1144 2939 orthodoxae
1164 2877 1302 2939 fidei
1328 2900 1537 2938 semen
1556 2881 1736 2951 emit÷

48 2958 216 3018 tendi
242 3006 257 3035 ‚
318 2983 460 3024 cum
491 2987 611 3048 qua
643 2966 941 3048 religione
979 2969 1163 3027 etiam
1200 2964 1595 3028 fundamenta
1619 2967 1734 3024 sci-

1453 3066 1649 3115 entm-
