1940 3672
266 143 391 206 508
813 144 1233 204 Historia

167 330 438 387 momisli
465 325 628 387 filius
672 326 1045 388 Ilffiecislaus
1069 374 1085 404 ‚
1132 329 1603 388 Danbrctwcam
1638 332 1859 391 Bolos-

166 420 260 477 lai
300 415 558 480 Bohemi
596 415 784 476 filiam
822 439 894 478 ea
950 417 1306 479 conditione
1361 419 1631 479 obtinuit
1684 423 1747 479 in
1780 444 1851 478 u-
1939 412 1940 418 ἵ

169 529 391 568 xorem
419 550 436 580 ‚
481 521 552 566 ut
603 506 972 588 religionem
1026 504 1434 568 Christianam
1475 509 1853 590 susciperet,
1938 544 1939 547 =

166 595 341 678 quod
405 608 468 656 et
521 594 695 654 fecit:
753 615 831 652 ex
894 615 1022 676 quo
1095 596 1387 657 Poloniae
1448 599 1731 678 regiones
1795 598 1856 654 in

165 683 437 743 dioceses
464 683 909 744 Ecclesiasticas
949 681 1333 745 dustributae
1367 699 1507 745 sunt
1538 686 1626 743 uti
1661 687 1850 741 Gnes-

170 792 418 830 nensem
475 783 539 832 et
607 774 1078 831 Cracoviensem
1110 818 1125 846 ,
1195 774 1280 852 a)
1346 773 1580 832 tardius
1641 773 1849 854 plures

166 859 573 942 Episcopatus
627 874 774 920 sunt
812 858 1070 920 fundati.
1119 862 1191 919 In
1231 859 1341 920 hac
1385 862 1683 943 religione
1730 884 1852 919 non

167 945 359 1007 modo
389 960 909 1032 perseverarunt,
953 947 1060 1008 sed
1098 948 1280 1031 plane
1308 971 1524 1010 eorum
1560 972 1671 1009 rex
1709 953 1859 1007 Ula-

168 1038 410 1095 dislaas
461 1039 704 1115 Jagello
759 1038 1088 1120 agentibus
1147 1040 1330 1097 etiam
1394 1038 1710 1120 Hungaris
1759 1058 1859 1097 re-

168 1137 386 1185 center
427 1123 503 1185 ad
569 1127 888 1184 Christum
933 1146 1267 1185 conversus
1312 1125 1538 1184 incolas
1575 1127 1861 1185 Litvani-

171 1235 246 1273 ae
313 1211 391 1272 ad
443 1210 630 1274 fidem
709 1212 1041 1299 perduxit,
1105 1213 1238 1298 ipse
1300 1215 1717 1295 spectantibus
1787 1235 1861 1273 oa

170 1299 424 1361 mnibus
459 1323 647 1361 manu
679 1324 786 1362 sua
825 1303 940 1362 illis
981 1324 1136 1385 quas
1179 1302 1329 1362 olim
1361 1300 1638 1363 coluerat
1675 1302 1862 1360 arbo-

169 1388 349 1450 ribus
397 1411 618 1472 magna
659 1392 720 1450 vi
767 1412 1011 1451 secures
1048 1392 1390 1474 impingens
1429 1413 1527 1451 eas
1557 1390 1854 1451 deturba-

169 1480 269 1538 vit
314 1477 763 1544 exclamando:
823 1502 942 1538 non
988 1490 1081 1535 est
1133 1482 1312 1537 Deus
1366 1483 1531 1557 qzcocl
1580 1481 1819 1537 excindi
1846 1521 1861 1550 ,

169 1568 361 1640 dejici
416 1579 478 1625 et
520 1570 797 1645 extingvi
835 1571 1098 1643 potest!
1142 1580 1329 1648 atque
1388 1565 1483 1625 hic
1534 1568 1672 1627 Rex
1733 1565 1863 1625 zelo

167 1653 489 1737 :religionis
546 1654 800 1728 ardens,
848 1657 1082 1738 primus
1137 1656 1502 1714 Orationem
1576 1655 1861 1713 Domini-

169 1759 343 1817 cam,
392 1742 760 1824 Symbolum
797 1742 1245 1825 Apostolorum
1284 1755 1346 1801 et
1375 1740 1754 1802 Catechesim
1794 1742 1856 1799 in

169 1828 449 1913 lingvam
517 1832 907 1891 Litvanicam
973 1830 1178 1889 vertit.
1275 1830 1513 1889 Verum
1593 1833 1857 1912 optimos

171 1917 514 1996 Jagellonis
557 1933 813 1979 conatus
845 1940 971 1977 non
1001 1940 1223 2001 parum
1255 1918 1758 1978 interturbabant
1783 1916 1860 1974 il·-

179 2005 227 2064 li
270 2005 527 2081 Poloni,
554 2006 973 2090 quifamosam
994 2010 1226 2064 Hassti
1263 2008 1627 2066 Doctrinam
1667 2006 1867 2089 palam

177 2093 649 2178 approbabant3
689 2117 885 2178 quare
932 2116 1046 2154 rex
1102 2095 1605 2153 contentionibus
1650 2092 1740 2152 his
1799 2091 1870 2150 fi-

176 2203 324 2241 nem
374 2184 697 2267 imponere
759 2181 1011 2257 volens,
1059 2204 1223 2242 anno
1290 2183 1473 2241 1451.
1532 2183 1868 2242 Cracoviae

176 2290 323 2329 cum
385 2271 656 2331 Hussitis
730 2271 1229 2351 Disputationem
1304 2272 1568 2330 instituit
1606 2314 1621 2343 ,
1688 2272 1870 2351 eique

175 2357 310 2439 ipse
355 2379 500 2417 cum
559 2358 964 2419 Senatoribus
1007 2356 1322 2434 interfuit3
1359 2379 1518 2439 quae
1557 2357 1867 2439 discepta—

176 2446 269 2505 tio
306 2467 430 2505 non
491 2448 742 2529 exiguas
791 2447 978 2505 animi
1042 2449 1412 2505 sensationes
1471 2445 1548 2505 de
1601 2445 1867 2503 inventis

177 2531 613 2594 Ecclesiasticis
660 2537 724 2593 in
772 2535 989 2594 animis
1027 2537 1364 2615 generavit.
1415 2535 1703 2594 Ceterum
1735 2535 1871 2588 [Ζε-

177 2624 387 2699 dvigis
444 2622 685 2705 Regina
737 2624 988 2681 Sacram
1045 2623 1433 2705 Scripturam
1486 2625 1548 2680 in
1600 2622 1869 2702 lingvam

180 2708 541 2773 Polonicam
595 2710 713 2773 sihi
755 2709 1078 2772 transferri
1124 2712 1368 2770 curavit
1415 2724 1476 2770 et
1530 2709 1743 2770 sedulo
1784 2707 1871 2768 le—

1661 2799 1780 2880 git:

252 3000 330 3073 a)
367 3002 446 3060 M.
482 3002 774 3056 Cromerus
804 3002 868 3056 L.
900 2999 950 3055 3.
989 3000 1274 3054 Crantzius
1310 2999 1371 3056 L.
1409 3001 1459 3052 5.
1497 3020 1545 3056 c.
1577 2998 1660 3052 25.
