1940 3672
399 231 848 288 Britannorum
895 233 955 280 et
994 223 1360 299 Atzglormn.
1544 224 1664 282 179

82 380 140 458 Ἡ
154 400 484 461 ierarchiae
540 399 983 457 Ecclesiasticae
1008 443 1022 467 ,
1095 395 1231 455 ideo
1296 414 1398 454 eos
1463 398 1760 455 continuo

85 490 508 548 insectabatur.
556 487 784 542 Contra
822 484 955 565 jura
982 484 1328 564 Anglorum
1361 481 1614 540 Carolus
1658 486 1754 541 12.

81 581 253 634 annis
312 575 547 632 nullum
601 573 1051 631 Parlamentum
1104 571 1457 639 celebrans,
1539 585 1760 629 cuncta

83 686 199 744 pro
250 663 507 720 arbitrio
560 660 909 727 ordinavit,
998 660 1158 740 leges
1210 657 1632 741 promulgavit
1693 671 1757 717 et

76 750 307 808 tributa
340 746 597 805 subditis
632 749 935 828 imposuit.
1000 750 1252 806 Interim
1285 760 1487 805 tamen
1526 742 1756 803 exhau-

75 853 167 895 sto
205 838 474 904 aestu-ic,
539 848 600 891 et
642 834 1085 893 rebellantibus
1125 835 1354 903 ScotiS,
1403 832 1755 892 Parlamen-

74 940 202 983 tum
265 921 535 980 indicere
577 921 1091 1004 compellebatur:
1171 922 1280 980 ubi
1326 934 1530 979 tamen
1568 919 1751 978 nullis

70 1009 356 1092 precibus
399 1023 506 1092 aut
544 1011 723 1092 minis
770 1009 1018 1067 ordines
1059 1011 1236 1092 regni
1275 1008 1349 1066 ad
1393 1029 1576 1090 opem
1624 1009 1754 1067 Re-
1802 1013 1805 1017 ’

70 1101 130 1178 gi
175 1095 502 1155 ferendum
543 1096 743 1155 induci
790 1111 1119 1179 poterant,
1188 1111 1522 1177 antequam
1570 1118 1750 1178 prae-

70 1187 235 1243 teriti
283 1186 593 1264 regiminis
632 1188 791 1242 ratio
831 1184 1198 1244 redderetur
1224 1230 1239 1257 7
1287 1197 1348 1243 et
1378 1183 1454 1242 de
1495 1206 1753 1265 perver-

67 1276 146 1330 sis
213 1272 583 1331 Consiliariis
656 1273 863 1354 Regiis
931 1273 1300 1354 supplicium
1365 1286 1754 1347 sumeretur3

67 1360 209 1418 hinc
282 1359 596 1419 altercatio
651 1360 939 1418 diuturna
993 1362 1226 1441 Regem
1266 1362 1429 1419 inter
1467 1371 1525 1419 et
1582 1358 1750 1416 ordi-

68 1470 173 1507 nes
216 1447 460 1506 tandem
506 1450 567 1505 in
602 1463 885 1530 apertum
929 1448 1156 1506 bellum
1196 1449 1434 1528 erupit,
1480 1468 1749 1529 cumque

69 1536 176 1593 diu
214 1538 654 1595 cruentissimis
698 1538 918 1618 pugnis
950 1551 1254 1596 certatum
1294 1535 1535 1607 fuisset,
1582 1555 1751 1594 com—

69 1627 250 1684 misso
286 1623 362 1681 ad
399 1626 749 1681 Eboracum
780 1624 1128 1683 decretorio
1167 1624 1396 1706 praelio
1433 1625 1567 1683 Rex
1605 1643 1750 1684 cum

68 1714 188 1771 suis
234 1715 427 1770 victus
486 1712 561 1770 ad
602 1715 930 1772 Scotorum
983 1715 1326 1772 exercitum
1374 1711 1587 1793 fugere
1633 1709 1751 1769 de-

67 1801 238 1876 buit3
298 1824 332 1857 a
377 1822 501 1881 quo
546 1815 750 1858 tamen
793 1802 933 1859 400.
971 1800 1233 1859 millium
1275 1800 1576 1858 librarum
1614 1799 1753 1857 auri

66 1889 303 1969 pretio,
368 1890 663 1970 promissa
713 1890 875 1946 vitae
938 1887 1069 1969 ejus
1122 1891 1477 1962 securitate,
1541 1886 1747 1946 Parla—

69 1990 277 2035 mento
318 1975 661 2056 Anglorum
699 1975 956 2034 traditus
997 1991 1120 2053 est3
1183 1978 1294 2035 ubi
1335 1990 1591 2059 repente
1633 1995 1746 2034 no—

67 2085 144 2121 va
186 2065 360 2122 Secta
414 2067 951 2137 Ilzclepencletztium
996 2079 1170 2123 enata
1211 2064 1359 2135 fuit3
1419 2086 1581 2145 quae
1621 2062 1746 2146 jam

67 2164 241 2210 antea
279 2151 391 2209 sub
413 2151 1024 2230 Pres'byterianorum
1060 2167 1121 2211 et
1158 2156 1596 2213 Puritanorum
1635 2172 1749 2210 no-

65 2242 232 2298 mine
289 2239 561 2298 occultae
612 2238 907 2298 latuerat:
976 2243 1086 2321 qui
1133 2264 1429 2301 summam
1489 2240 1746 2323 Imperii

67 2342 430 2408 potestatem
475 2326 550 2384 ad
589 2349 651 2385 se
693 2327 1163 2402 transferenteS,
1226 2353 1408 2391 omne
1444 2326 1749 2388 ineundae

66 2416 230 2496 pacis
270 2416 589 2474 consilium
627 2417 1150 2491 interverterunt,
1212 2416 1384 2490 cuius
1426 2407 1745 2477 horribilis

64 2502 343 2562 factionis
376 2505 574 2585 Caput
613 2518 745 2562 erat
793 2507 1096 2562 Oliverc'ccs
1153 2509 1541 2566 Cromwellas
1587 2506 1747 2564 Ver—

63 2591 436 2664 sutissimus,
484 2593 594 2672 qui
631 2594 836 2649 omnia
872 2596 1064 2652 officia
1101 2594 1397 2654 Militaria
1431 2609 1492 2654 et
1525 2592 1748 2652 Civilia

65 2701 202 2738 suae
234 2678 509 2738 factionis
560 2677 910 2738 hominibus
949 2682 1223 2764 replenS,
1268 2704 1543 2742 summus
1582 2680 1748 2738 arhi-

70 2779 164 2825 ter
199 2769 286 2825 rei
321 2768 530 2825 Civilis
559 2781 620 2826 et
652 2765 939 2826 Militaris
975 2772 1201 2846 evasit,
1248 2793 1357 2852 qul
1394 2792 1541 2829 mox
1577 2789 1744 2827 sum·-

67 2875 237 2913 mum
289 2854 596 2912 Tribunal
643 2857 997 2930 constituit,
1066 2880 1098 2914 a
1153 2880 1280 2940 quo
1341 2857 1556 2917 infelix
1606 2857 1747 2915 Rex

70 2944 331 2999 Jacobas
367 2941 443 3000 ad
486 2941 930 3002 defendendam
969 2966 1138 3003 suam
1167 2968 1410 3007 causam
1448 2958 1741 3018 vocatuS‚

70 3033 388 3090 convictus
416 3042 478 3090 et
508 3032 707 3092 securi
742 3053 1065 3114 percussus
1099 3048 1188 3098 est
1224 3057 1385 3101 anno
1423 3035 1606 3098 1649.
1639 3052 1745 3091 cu·-

829 3142 888 3178 m
921 3124 955 3181 2
1564 3120 1664 3209 jus
