1940 3672
212 131 331 188 558
734 129 1169 185 Historia

98 311 273 387 phas
302 330 407 369 seu
447 312 742 369 Saltanos
775 309 1207 372 famosissimus
1239 315 1431 372 evasit
1465 317 1803 375 successive

114 396 369 479 quidam
413 403 860 472 Ottotnarzna3‚
907 403 1016 481 qui
1050 399 1391 483 subjugatis
1426 403 1646 461 vicinis
1691 405 1808 461 Ca-

111 485 329 568 liphis‚
398 486 581 546 realia
640 486 1035 547 fundamenta
1066 492 1270 571 posuit
1303 492 1641 549 vastissimo
1681 494 1803 548 Im-

113 576 290 657 perio
329 576 629 647 Turcico‚
677 574 848 657 quod
895 578 957 635 in
994 575 1153 635 hunc
1192 600 1388 660 usque
1417 577 1583 637 diem
1624 576 1806 638 floret

112 663 228 720 sub
289 665 541 721 nomine
594 665 827 721 Portae
881 667 1350 725 Ottonmnm'cae
1401 664 1574 746 cujus
1630 666 1801 727 sedes

112 749 643 833 Constantinopoli
684 766 789 816 est,
868 752 988 811 Hic
1033 752 1312 814 felicibus
1347 757 1530 814 armis
1567 756 1810 837 Cappa-

113 838 391 910 dociam,
461 840 763 913 Pontum,
828 838 1181 921 Bithyniam
1207 887 1221 915 ⁷
1291 841 1698 924 Pamphiliam
1745 857 1808 902 et

115 925 396 992 Ciliciam
435 927 719 1008 regiones
767 927 1254 1011 opulentissimas
1294 933 1386 990 sui
1429 930 1583 1014 juris
1625 929 1801 1005 fecit,

122 1012 254 1095 ejus
304 1036 458 1074 vero
519 1037 893 1077 successores
944 1018 1076 1098 pari
1119 1041 1434 1078 armorum
1476 1016 1802 1093 felicitate,

114 1102 411 1182 Mysiam,
460 1103 833 1183 Lycaoniam
861 1150 876 1179 9
940 1103 1266 1187 Phrygiam
1293 1152 1308 1180 ‚
1354 1109 1633 1182 Cariam,
1693 1107 1805 1164 Ni-

110 1212 314 1265 ceam‚
361 1190 874 1274 Adrianopolim,
913 1193 1200 1268 Servios,
1246 1196 1612 1270 Bosnenses7
1658 1194 1807 1254 Bul-³

112 1301 328 1361 garos,
433 1277 735 1342 Valachos
761 1326 776 1354 ,
865 1280 1226 1357 Moldavos,
1312 1286 1802 1366 Trapezuntem,

110 1370 456 1442 Croatiam‚
504 1367 869 1428 Dalmatiam
898 1415 912 1442 ‚
975 1385 1036 1430 et
1081 1372 1474 1452 Hungaricae
1519 1394 1805 1454 magnam

108 1469 352 1538 partem
395 1477 590 1538 usque
617 1458 949 1524 Jaurinum
983 1460 1046 1516 in
1078 1481 1252 1518 suam
1290 1472 1653 1542 potestatem
1690 1481 1804 1516 va·-

113 1547 223 1604 riis
263 1543 651 1626 temporibus
686 1544 1079 1628 redegerunt.
1143 1548 1317 1618 Quae
1355 1571 1544 1630 regna
1581 1549 1803 1607 Turci-

113 1635 170 1692 ci
217 1632 533 1713 tyrannidi
577 1634 912 1709 suberant,
982 1637 1041 1692 in
1099 1636 1329 1717 quibus
1381 1658 1454 1695 eo
1496 1647 1662 1708 tum,
1722 1638 1803 1695 si·-

111 1732 216 1780 cut
255 1734 316 1781 et
351 1717 536 1782 hodie
584 1724 648 1781 in
689 1725 914 1782 Turcia
963 1722 1134 1781 nulla
1188 1722 1371 1781 datur
1405 1722 1695 1782 nobilitas
1725 1745 1803 1783 ex

110 1811 480 1892 antiquitate
514 1813 856 1892 sangvinis,
904 1809 1009 1870 sed
1051 1832 1263 1870 omnes
1302 1810 1590 1894 aequales
1629 1825 1802 1883 sunt,

111 1921 180 1957 ac
230 1922 262 1956 a
322 1899 673 1957 Turcarum
726 1901 1110 1983 Imperatore
1161 1901 1619 1982 mancipiorum
1666 1899 1804 1960 loco

110 1985 422 2046 habentur
446 2031 461 2060 ,
511 2009 579 2046 ac
616 1989 800 2070 proin
847 1992 1363 2047 Ottomanmffzcm
1406 1991 1681 2066 regimen
1714 2002 1804 2048 est

109 2096 368 2159 prorsus
408 2079 780 2150 despoticzcm
805 2123 819 2151 ‚
883 2077 1235 2159 Imperator
1286 2078 1450 2137 enim
1492 2088 1582 2136 est
1623 2074 1799 2135 abso-

108 2164 279 2223 lutus
330 2164 631 2228 Dominus
690 2167 968 2223 omnium
1011 2188 1225 2224 rerum
1290 2167 1451 2224 intra
1499 2163 1649 2224 fines
1711 2165 1803 2224 sui

107 2253 386 2312 Dominii
422 2267 889 2325 contentarum,
938 2276 1120 2317 nemo
1158 2254 1324 2318 enim
1361 2251 1577 2316 domus
1618 2274 1806 2334 quam

109 2338 451 2414 inhabitat,
535 2356 642 2399 aut
699 2344 832 2424 agri
888 2364 1074 2422 quem
1125 2342 1274 2400 Colit
1326 2355 1414 2401 est
1468 2342 1804 2415 DominuS‚

111 2430 384 2511 exceptis
414 2428 726 2510 aliquibus
772 2429 1013 2488 familiis
1051 2432 1112 2488 in
1158 2430 1334 2489 Urbe
1367 2431 1804 2488 Constantino-

110 2517 275 2601 poli,
324 2517 553 2599 quibus
598 2521 858 2601 proemii
902 2518 1038 2577 loco
1082 2533 1142 2577 et
1186 2517 1517 2600 privilegio
1556 2516 1618 2574 id
1657 2537 1807 2576 con-

109 2627 341 2666 cessum
374 2620 509 2665 erat
547 2629 579 2663 a
618 2609 973 2663 llffalzomete
1016 2609 1103 2662 II.
1163 2611 1232 2665 In
1271 2606 1555 2666 omnibus
1597 2618 1804 2665 autem

108 2695 364 2756 devictis
400 2695 753 2777 regionibus
780 2692 964 2760 habet
990 2696 1337 2777 Imperator
1372 2715 1510 2753 suos
1545 2696 1806 2771 Begler-

112 2786 293 2860 bogas
351 2797 413 2842 et
472 2787 851 2861 Sangiaccffi,
937 2805 1091 2865 quos
1150 2806 1267 2867 pro
1334 2782 1650 2842 voluntate
1698 2803 1804 2840 sua

115 2875 325 2954 ponit,
388 2885 493 2930 aut
543 2886 820 2945 amovet,
885 2886 945 2931 et
995 2872 1143 2931 tales
1189 2871 1414 2931 debent
1457 2893 1582 2930 esse
1632 2869 1803 2929 Reli-

111 2962 306 3040 gionis
382 2963 862 3018 ,sf'llalcometanae
922 2958 1167 3019 addicti.
1259 2959 1561 3042 Stupendi
1622 2956 1801 3038 hujus

1557 3069 1713 3129 pro-
