1940 3672
214 234 332 294 104
764 237 1220 294 Historia

122 410 216 469 19.
253 413 444 470 annis,
492 411 605 470 Cui
644 410 894 470 sucessit
927 407 1090 469 filius
1124 407 1296 468 XIV.
1319 407 1668 466 Lotlzarc‘us
1693 407 1802 488 qui

115 495 269 559 dum
329 497 509 559 fratri
564 520 674 557 suo
755 500 980 555 Carolo
1041 495 1508 577 Lotharingiam
1556 496 1803 577 eripere

113 600 488 661 conaretur,
530 587 608 645 ab
671 589 893 643 octone
936 605 1249 666 repressus
1298 598 1418 658 est,
1465 605 1587 667 qua
1626 602 1804 642 occa—

112 675 287 734 sione
355 676 549 750 Hccgo
623 674 892 748 Capetus
956 674 1101 730 Dux
1168 674 1463 732 Franciae
1519 670 1808 730 salutatus

114 761 248 819 fuit.
341 764 653 819 Lotlzario
701 781 855 818 vero
907 781 1067 818 anno
1103 762 1348 843 imperii
1405 764 1502 820 52.
1550 772 1804 817 mortuo

112 851 398 909 successit
437 848 597 907 filius
633 850 777 909 986.
826 849 1179 905 ,Ladovicas
1234 849 1482 907 ultimus
1524 871 1556 909 e
1596 846 1809 906 Caroli

114 939 207 995 M.
261 939 453 1021 stirpe
525 937 666 997 Rex
722 936 1147 1008 Francorum,
1201 937 1312 1018 qui
1363 936 1560 997 altero
1624 936 1803 1018 regni

112 1047 278 1083 anno
315 1047 349 1082 a
379 1024 639 1108 conjuge
665 1046 771 1085 sua
794 1026 1087 1082 Blaneka
1107 1045 1350 1084 veneno
1382 1023 1654 1084 sublatus
1685 1036 1813 1082 est:

119 1112 187 1191 a)
233 1116 333 1172 cui
384 1113 638 1196 quidem
690 1134 838 1172 mox
901 1114 1161 1171 Carolus
1210 1126 1466 1194 patruus
1522 1110 1811 1170 succede-

116 1223 187 1261 re
232 1200 467 1276 voluit,
508 1201 614 1262 sed
659 1201 879 1260 Franci
922 1221 995 1260 eo
1045 1200 1215 1284 quod
1257 1202 1586 1260 Germanis
1635 1197 1816 1257 addi-

114 1292 277 1349 ctior
339 1289 664 1351 videretur
698 1332 715 1363 ,
778 1290 1068 1372 Regnum
1129 1287 1491 1349 detulerunt
1561 1287 1825 1365 IIzcgoni

126 1379 402 1454 CapetO,
443 1377 612 1438 unde
665 1391 882 1437 coorto
942 1377 1102 1438 bello
1151 1376 1358 1452 civili,
1422 1379 1683 1437 Carolus
1748 1372 1823 1432 ad

119 1465 496 1526 Laudunum
528 1488 734 1550 pugna
769 1467 965 1525 victus
986 1511 1002 1542 ,
1038 1463 1181 1526 dein
1221 1463 1580 1547 proditione
1626 1464 1821 1521 Asce-

120 1557 233 1616 lini
275 1555 562 1638 Episcopi
608 1567 858 1636 captuS‚
894 1565 955 1613 et
1007 1552 1084 1612 ad
1122 1567 1389 1613 mortem
1444 1574 1645 1636 usque
1700 1573 1813 1635 per

121 1646 451 1721 „Hccgonem
496 1642 780 1703 detentus
817 1648 953 1715 est,
1003 1644 1104 1701 cui
1167 1639 1425 1723 quidem
1475 1644 1537 1700 in
1592 1639 1820 1700 Lotha-

119 1733 324 1814 ringia
369 1732 653 1791 successit
692 1728 851 1789 filius
899 1734 1063 1790 Octo,
1155 1730 1249 1787 Ac
1285 1731 1470 1810 proin
1501 1729 1650 1786 dum
1686 1730 1814 1787 Re-

120 1840 310 1901 gnum
350 1819 397 1877 F
401 1822 714 1879 rancicum
751 1816 826 1876 ad
861 1819 1109 1878 tertiam
1146 1819 1407 1900 stirpem
1448 1829 1812 1899 regnantem

131 1909 601 1987 Capetitzgiccztn
680 1905 1047 1966 translatum
1101 1918 1268 1981 erat,
1340 1905 1543 1989 Stirps
1613 1907 1739 1964 Car
1761 1926 1826 1962 o·-

117 1998 354 2075 lc'tzgiea
399 2018 526 2056 non
561 1994 769 2056 fuisset
804 1997 1121 2055 exstincta.

174 2139 429 2209 Tertia
471 2142 690 2235 stirps
712 2140 1000 2235 Regum
1030 2137 1489 2206 Francorum
1533 2138 1780 2233 Cape-

841 2258 1141 2352 tingica.

308 2397 352 2455 Ι.
404 2397 597 2471 Hago
647 2395 948 2469 Capetzffi,
1003 2390 1176 2473 cujus
1209 2403 1387 2476 pater
1429 2393 1623 2468 Iiccgo
1663 2393 1814 2451 stla-

119 2505 288 2563 gtms
342 2484 733 2546 decrescente
786 2480 1018 2541 familia
1069 2482 1278 2540 Caroli
1333 2481 1426 2538 M.
1488 2483 1815 2549 maximam

1531 2583 1751 2650 poten-

200 2741 276 2816 a)
316 2744 465 2797 Paul.
505 2744 767 2801 Aemlian
801 2745 860 2796 L.
891 2742 940 2795 3.
977 2752 1030 2794 et
1064 2739 1118 2798 4.
1167 2742 1243 2793 Dc
1276 2742 1632 2820 Carolingicis
1673 2744 1820 2813 regi-

268 2815 369 2867 bus
421 2812 1254 2885 etimperat01·ibuS,vidirnus
1309 2813 1603 2891 sciiptores
1658 2833 1822 2885 supra

269 2885 371 2936 suh
435 2885 680 2938 Romano
732 2885 1058 2937 Germanico
1118 2883 1374 2953 Imperio.
1450 2886 1568 2936 Huc
1614 2885 1825 2938 faciunt

274 2956 422 3009 Petri
475 2955 687 3007 Pithoei
737 2954 971 3007 Annales
1006 2956 1357 3007 Francorum.
1400 2958 1533 3006 Item
1589 2957 1830 3008 Amuiles

275 3030 484 3095 Regum
500 3027 750 3078 Francor.
772 3026 982 3097 pipini,
1018 3025 1197 3076 Caroli
1232 3025 1309 3076 Μ.
1344 3034 1400 3075 et
1431 3025 1697 3078 Ludovici
1727 3027 1829 3078 Pii.

274 3099 529 3151 Coloniae
566 3096 721 3153 1562
760 3116 816 3149 111
856 3095 940 3152 12,
976 3095 1196 3146 Adelmi
1235 3094 1574 3150 Benedictini
1593 3098 1831 3151 Annales

272 3170 524 3224 Francm.
565 3168 791 3237 Regum.
832 3163 1298 3220 Hauoniae1613.
1343 3162 1442 3216 f.ol
