1940 3672
507 196 822 257 Gallorum
866 203 927 249 et
974 192 1378 250 Francorum.
1586 186 1661 247 7¹3

79 357 274 416 Gallia
299 355 445 417 duas
464 379 561 418 res
580 352 1115 420 industriosissime
1140 349 1555 434 persequitur,
1578 368 1748 405 nem-

81 468 158 527 pe
194 467 324 504 rem
371 445 705 503 Militarem
739 454 801 499 et
837 452 1053 521 argute
1107 438 1297 520 loqui.
1389 435 1558 495 Olim
1601 434 1747 491 Bar-

80 532 395 606 barorum,
439 528 625 589 hodie
645 527 1127 586 cultissimorum
1159 523 1540 608 populorum
1575 542 1749 579 more

75 633 352 678 utuntur.
442 616 737 698 Opificia,
799 615 1122 686 Artificia,
1191 610 1640 670 Manufacturas
1687 621 1750 667 et

75 705 359 765 Fabricas
393 703 457 762 in
494 705 766 763 maximo
806 701 1000 784 gradu
1056 712 1387 774 exercent3
1434 699 1752 755 Commer-

74 795 238 851 cium
282 812 433 849 vero
472 811 610 848 cum
645 792 1070 850 remotissimis
1101 790 1287 849 etiam.
1318 785 1604 869 gentibus
1626 806 1753 842 ma—

77 900 197 962 gno
235 898 374 935 cum
418 878 799 961 reipublicae
841 877 1256 937 emolumento
1291 874 1521 934 fovent.

229 963 275 1041 ᾗ.
306 968 360 1022 2.
385 967 606 1024 Status
625 968 973 1043 Religionis
1007 977 1067 1021 et
1107 965 1569 1021 Consvetudinis
1600 961 1751 1017 Gal-

73 1055 198 1111 liae
244 1054 546 1129 antiquae
577 1066 636 1111 ec
672 1076 881 1111 novae.
972 1051 1296 1110 Gallorum
1341 1063 1588 1131 gentem
1622 1045 1744 1129 jam

71 1138 222 1198 olim
265 1137 601 1200 admodum
637 1139 909 1201 deditam
933 1138 1117 1198 fuisse
1150 1136 1590 1219 religionibus,
1638 1137 1755 1192 Ja-

80 1230 204 1287 lius
260 1229 499 1286 Caesar
537 1241 830 1289 testatur:
887 1229 970 1308 a)
1037 1225 1181 1285 hinc
1218 1225 1471 1308 plurimi
1524 1222 1761 1282 morbis

78 1314 279 1374 affecti
318 1329 424 1374 aut
467 1317 759 1397 periculis
796 1328 1142 1388 versantes,
1190 1335 1306 1396 pro
1349 1312 1613 1371 victimis
1648 1307 1758 1368 ho·-

70 1403 268 1461 mines
299 1403 697 1463 immolarunt
720 1418 824 1462 aut
846 1426 908 1462 se
941 1401 1365 1461 immolaturos
1399 1410 1752 1471 voverunt,

70 1489 389 1550 credentes
424 1514 541 1575 pro
580 1495 705 1551 vita
738 1490 1038 1564 hominis,
1084 1491 1277 1548 vitam
1325 1486 1592 1547 hominis
1618 1485 1754 1544 dari

68 1575 332 1656 debere3
365 1601 569 1662 neque
585 1582 866 1641 Deorum
890 1577 1327 1645 immortalium
1373 1577 1616 1635 Numen
1642 1571 1754 1629 ali-

68 1679 166 1724 ter
196 1666 426 1748 placari
476 1691 683 1749 posse:
732 1669 814 1750 b)
862 1669 974 1749 qui
1015 1664 1091 1725 ad
1139 1665 1281 1725 talia
1318 1662 1613 1723 sacrificia
1647 1660 1754 1718 ad-

63 1755 361 1813 ministris
408 1754 762 1814 Drm‘clib'as
805 1755 1180 1827 utebantur,
1226 1755 1335 1835 qui
1378 1753 1522 1810 alias
1567 1751 1752 1809 etiam

64 1844 422 1917 Philosophi
460 1842 861 1918 dicebantur,
908 1865 1179 1924 quorum
1204 1843 1542 1900 auctoritas
1573 1838 1752 1921 plane

63 1928 274 1988 divina
311 1931 782 2005 aestimabatur,
828 1944 1075 2013 agentes
1120 1952 1247 1989 non
1301 1927 1378 1989 de
1436 1925 1750 1987 sacrificiis

62 2016 285 2091 mod0,
333 2017 437 2078 sed
469 2017 546 2079 de
580 2020 867 2078 omnibus
912 2019 1352 2078 controversiis
1388 2016 1650 2100 publicis
1691 2027 1752 2072 et

67 2108 360 2188 privatis,
408 2105 484 2166 de
543 2129 691 2190 pace
736 2119 796 2167 et
824 2107 991 2168 bello
1038 2105 1474 2181 decernentes,
1523 2123 1751 2187 poenas

66 2216 319 2275 quoque
356 2208 418 2254 et
465 2197 741 2276 proemia
769 2193 1223 2256 decreverunt:
1274 2191 1336 2251 hi
1384 2195 1446 2251 in
1485 2192 1753 2252 scientiis

67 2285 249 2341 etiam
288 2280 566 2342 humanis
626 2283 1067 2366 praecellentes
1120 2282 1319 2363 palam
1364 2280 1759 2365 disputarunt

67 2369 143 2428 de
184 2370 399 2430 mundi
462 2372 922 2454 magnitudine,
969 2370 1046 2432 de
1095 2393 1308 2431 rerum
1363 2384 1614 2442 natura,
1677 2366 1755 2426 de

68 2459 339 2521 Deorvm
376 2461 438 2518 vi
476 2474 538 2521 et
570 2471 896 2551 potestete3
942 2461 1004 2542 c)
1050 2457 1193 2519 hinc
1239 2480 1496 2542 magnus
1533 2456 1609 2516 ad
1648 2477 1752 2519 eos

576 2556 577 2560 ’
1529 2546 1682 2605 ado-

146 2707 220 2758 a)
261 2700 434 2751 Julius
493 2700 700 2753 Caesar.
751 2700 819 2753 L.
856 2698 903 2752 7.
956 2698 1023 2750 de
1056 2698 1184 2754 bell.
1224 2699 1360 2751 Gall.
1434 2695 1508 2764 h)
1550 2696 1754 2747 Caesar.

227 2769 291 2819 L.
348 2769 396 2820 6.
449 2770 515 2820 de
573 2770 701 2823 bell.
758 2769 900 2823 Gall.
927 2771 1189 2838 Pompon.
1239 2769 1378 2819 Mela
1421 2769 1482 2818 L.
1530 2765 1580 2816 3.
1619 2785 1662 2815 c.
1707 2764 1755 2815 2.

229 2838 509 2910 Minutius.
533 2839 638 2891 Fel.
665 2857 718 2908 p.
745 2835 825 2891 35.
862 2841 914 2909 c)
954 2840 1162 2890 Caesar.
1199 2838 1255 2889 L.
1292 2838 1342 2889 6.
1377 2836 1442 2887 de
1474 2834 1594 2886 bell.
1618 2835 1753 2885 Gall.

234 2907 505 2959 Diodorus
555 2909 786 2960 Siculum
823 2910 890 2966 L.
925 2909 972 2960 ὁ.
1020 2928 1070 2963 c.
1103 2907 1189 2961 31.
1238 2907 1400 2958 Mela.
1438 2906 1499 2957 L.
1533 2904 1581 2957 3.
1620 2923 1664 2957 c,
1702 2905 1753 2955 2.

229 2975 438 3028 Strabo.
473 2979 532 3029 L.
569 2977 617 3028 4.
654 2996 707 3046 p.
741 2974 860 3045 358.
898 2980 1293 3029 Bonaventura.
1329 2976 1758 3027 CastillionaeuS.

235 3046 502 3108 Bergomi.
531 3046 749 3105 15921.8.
790 3048 1041 3116 aegidius
1061 3048 1369 3100 LachariuS.
1406 3046 1760 3099 claromonti.

250 3103 401 3169 167‘5.
