1940 3672
438 251 892 306 Britannorum
938 255 999 300 et
1046 244 1415 320 Atzglomtm.
1589 240 1708 302 169

115 434 526 508 confasionem
586 449 712 489 esse
809 424 1106 487 dicerent.
1196 425 1495 483 Successit
1571 424 1627 482 ei
1703 445 1797 480 an.

126 524 306 582 1216.
356 518 529 577 filius.

288 605 455 664 Vlll.
503 605 820 659 Henricns
868 601 974 659 ΙΙΙ.
1013 601 1122 681 qui
1174 599 1516 659 Hiberniae
1566 597 1802 680 princi-

121 717 262 778 pem
291 705 351 752 et
368 690 684 749 Vallenses
717 689 979 751 rebelles
1017 688 1289 762 domuit,
1329 687 1520 744 Gallis
1561 686 1668 767 qui
1704 681 1803 767 jus

120 788 181 841 in
235 778 525 861 Angliam
583 776 1070 859 praetendebant
1141 775 1374 836 bellum
1450 776 1649 833 movit
1690 817 1704 844 ,
1769 795 1803 828 a

119 868 343 951 quihus
414 880 618 925 tamen
672 868 870 925 victus
938 879 1000 924 et
1051 863 1297 947 fugatus
1348 876 1468 922 est:
1534 863 1601 941 a)
1656 859 1801 919 hinc

115 979 255 1015 cum
311 954 672 1037 proceribus
725 953 1056 1028 disside1153
1102 954 1179 1011 ab
1224 955 1295 1010 iis
1334 975 1453 1009 una
1495 971 1635 1008 cum
1674 947 1804 1006 fra-

118 1060 213 1103 tre
249 1046 605 1114 Richards),
643 1055 704 1101 et
743 1041 871 1102 filio
905 1045 1186 1099 Henrico
1223 1055 1432 1121 captus
1477 1052 1600 1113 est3
1642 1036 1806 1095 unde

113 1132 273 1192 filius
315 1133 492 1191 brevi
532 1131 769 1213 elapsus
795 1176 810 1204 ,
855 1132 1034 1188 victis
1062 1127 1426 1213 proceribus
1470 1141 1710 1209 patrem
1748 1139 1811 1184 et

117 1235 409 1304 patruum
459 1219 732 1280 libertati
784 1220 1070 1279 restituit.
1165 1217 1330 1275 Huic
1401 1216 1685 1273 successit
1733 1211 1807 1271 fi-

118 1309 235 1367 lius
281 1312 446 1369 1272

287 1396 397 1455 IX.
440 1399 779 1454 Eclcmrdas
826 1398 869 1455 l.
918 1417 996 1455 ex
1036 1391 1471 1479 Andegavegisi
1539 1387 1764 1447 familia
1790 1433 1805 1459 ,

118 1487 282 1545 inter
320 1484 686 1544 fortissimos
730 1498 791 1544 et
834 1482 1343 1568 prudentissimos
1381 1480 1472 1537 sui
1503 1478 1803 1557 temporis

109 1595 285 1655 reges
333 1570 614 1646 habitus,
659 1576 879 1632 Vallos
929 1570 1186 1631 rebelles
1240 1567 1630 1650 composuit,
1674 1567 1803 1646 pri-

109 1662 354 1745 mipilos
428 1663 626 1722 securi
669 1663 971 1744 percussit
1008 1705 1023 1732 ‚
1079 1660 1500 1742 Principatum
1558 1651 1797 1713 Valliae

111 1765 176 1812 et
215 1751 485 1809 Scotiam
514 1796 528 1823 ‚
576 1749 924 1831 Anglorum
974 1747 1192 1807 ditioni
1238 1744 1516 1826 subjecit.
1577 1740 1802 1798 Judae-

111 1861 179 1898 os
225 1861 420 1921 regno
465 1837 740 1921 expulit,
789 1841 849 1898 in
910 1839 1192 1896 Comitiis
1253 1837 1637 1893 Francorum
1696 1852 1801 1910 pa-

116 1927 237 1985 lam
308 1926 502 1986 edixit
556 1949 618 1985 se
685 1949 812 1987 esse
890 1927 1226 1985 Dominum
1295 1946 1510 1984 earum
1568 1918 1802 1976 Galliae

114 2015 393 2074 Urbium
419 2061 434 2088 ,
471 2037 623 2096 quas
657 2013 794 2097 jure
834 2017 895 2072 in
947 2013 1148 2072 Gallia
1193 2012 1551 2096 possideret.
1599 2007 1803 2088 Aqui-

118 2105 345 2161 taniam
398 2106 626 2177 amisit,
659 2102 763 2163 sed
800 2104 1298 2183 Scotiaeregem
1346 2101 1530 2160 caesis
1578 2100 1632 2155 7.
1668 2093 1804 2154 mil-

112 2191 274 2250 libus
324 2194 657 2274 intercepit
679 2191 1127 2251 Normanniam
1170 2203 1411 2248 vastans
1449 2191 1634 2247 etiam
1660 2182 1807 2243 Gal-

115 2279 320 2339 lorum
365 2280 612 2341 classem
654 2282 834 2356 vicit3
881 2304 913 2337 a
954 2280 1150 2339 Scotis
1198 2278 1355 2337 duce
1404 2280 1596 2336 Valla
1625 2273 1801 2356 (qui,

122 2371 358 2452 primus
392 2368 704 2427 latronum
744 2368 871 2427 dux
911 2370 1072 2445 erat)
1105 2369 1284 2425 initio
1310 2369 1540 2434 victus,
1562 2361 1813 2424 demum

126 2459 220 2516 10.
266 2457 539 2516 millibus
592 2458 917 2516 Scotorum
971 2455 1322 2529 t1¹ucidatiS‚
1387 2458 1642 2514 Vallczm
1695 2475 1804 2512 ca-

120 2559 293 2627 ptum
344 2546 604 2629 suplicio
640 2546 858 2606 affecit.
915 2545 978 2623 b)
1026 2547 1173 2604 Post
1218 2543 1365 2605 llaec
1416 2542 1634 2625 Anglis
1669 2562 1805 2600 suc-

113 2655 417 2694 cessorem
464 2634 722 2717 reliquit
761 2638 943 2695 1507.
997 2632 1190 2694 filium

1637 2720 1715 2777 X.

186 2937 254 2994 α)
295 2934 465 2985 Math.
502 2934 815 2986 Parisiensis
858 2934 910 2985 in
949 2935 1152 2984 Joanne
1185 2942 1237 2982 et.
1277 2933 1534 2985 Hem-ico.
1561 2931 1804 3000 Polydo-

256 3022 368 3055 rus.
405 3005 467 3058 L.
520 3005 599 3056 15.
654 3015 705 3055 et
757 3005 838 3055 16.
919 3004 1171 3073 Polydor.
1226 3004 1286 3053 L.
1342 3002 1422 3055 17.
1481 3002 1801 3055 MassoniuS.

249 3075 312 3196 1L.
347 3075 433 3195 3.L
470 3074 533 3171 bo)
578 3075 832 3145 Polydor.
889 3075 949 3127 L.
991 3073 1072 3127 17.
1124 3072 1429 3127 Buchauau.
1472 3073 1611 3125 Hist.
1667 3074 1802 3123 Sco-

275 3163 353 3197 or.
440 3185 450 3197 .
490 3172 542 3200 o.
