1940 3672
602 173 1209 229 Borussorutn.
1533 161 1674 223 295

92 359 268 406 erant
294 361 462 420 oct03
507 345 619 406 sub
655 342 881 424 quibus
930 343 1201 399 Duc-alls
1239 341 1552 396 Bor-assia
1593 353 1767 399 antea

84 433 344 493 fratrum
379 436 854 512 Crucigerorum
881 430 1204 489 Teutonici
1240 426 1472 487 ordinis
1506 429 1765 509 propria

89 543 256 579 nunc
292 522 406 580 sub
450 521 710 578 Alberto
756 518 1307 593 Brandenburgico
1353 514 1590 573 ordinis
1643 515 1771 572 Ma-

96 613 288 689 gistro
326 611 385 666 in
432 604 914 666 haereditarium
958 604 1273 663 Ducatum
1317 623 1650 675 conversa,
1699 622 1769 658 ac

93 696 172 754 ab
217 695 474 775 imperio
508 694 878 753 Germanico
914 692 1120 752 avulsa
1166 693 1229 750 in
1277 690 1568 751 Poloniae
1607 692 1769 770 regis

90 782 269 842 fidem
305 796 366 841 et
409 780 748 842 clientelam
782 785 990 857 venit3
1037 779 1115 840 de
1144 779 1318 861 cujus
1355 791 1518 837 statu
1562 776 1771 860 publi-

89 891 163 928 co
207 880 269 929 et
306 868 560 951 politico
598 867 745 929 haec
783 883 926 928 sunt
971 865 1282 927 notanda:
1331 868 1476 925 Dux
1539 866 1772 924 Borus-

88 958 210 1015 siae
247 958 519 1040 primum
555 957 761 1020 locum
777 956 938 1040 apud
972 955 1265 1016 Poloniae
1291 976 1500 1034 regem
1522 955 1581 1012 in
1607 953 1770 1011 Con-

89 1043 277 1117 siliis,
331 1045 651 1118 Comitiis,
712 1045 969 1128 aliisque
1023 1042 1540 1103 conventionibus
1592 1053 1775 1100 tenet.

85 1132 150 1190 Si
196 1132 329 1192 lites
376 1134 538 1193 inter
585 1135 820 1216 Regem
859 1147 919 1194 et
950 1132 1212 1189 ‘Ducem
1263 1132 1693 1197 exorirentur,
1742 1150 1777 1185 a

86 1221 462 1280 Consiliariis
501 1224 687 1304 Regis
722 1244 887 1280 novo
911 1219 1262 1302 juramento
1289 1217 1599 1275 obstrictis
1623 1218 1778 1274 Ma-

86 1310 431 1386 rienbergi,
477 1324 584 1368 aut
618 1311 923 1386 Elbingae
965 1307 1361 1365 dirimuntur.
1402 1304 1657 1364 Nobiles
1677 1313 1779 1360 aut

87 1395 189 1456 alii
235 1397 414 1457 Cives
448 1411 663 1457 contra
706 1398 949 1458 Ducem
995 1397 1296 1453 actionem
1333 1392 1641 1466 habenteS,
1677 1412 1781 1448 co-

86 1507 223 1545 ram
266 1485 452 1545 Ducis
481 1485 743 1546 Vasallis
788 1508 821 1542 a
873 1485 1044 1542 Duce
1089 1481 1163 1540 ad
1211 1481 1269 1539 id
1314 1478 1609 1562 judicium
1666 1477 1784 1537 de-

89 1573 420 1633 nominatis
493 1597 630 1635 eam
711 1576 1076 1632 instituunt:
1164 1593 1198 1628 a
1277 1568 1508 1651 quibus
1585 1565 1782 1626 libera

96 1663 459 1744 provocatio
503 1661 580 1720 ad
623 1663 804 1744 Regis
836 1675 896 1720 et
949 1660 1133 1717 Ducis
1190 1657 1587 1716 Consiliarios
1637 1657 1787 1712 Ma-

105 1752 383 1824 rieburgi
420 1751 780 1809 constitutos
821 1750 1223 1832 permittitur.
1271 1746 1563 1805 Ceterum
1588 1744 1789 1803 omnis

100 1835 177 1893 ad.
205 1837 497 1915 judicium
539 1839 751 1896 vocari
780 1837 965 1896 debet
990 1834 1096 1893 ubi
1137 1832 1262 1916 ejus
1284 1833 1446 1891 bona
1491 1845 1664 1906 sunt,
1688 1843 1792 1888 aut

101 1925 212 1982 ubi
253 1947 391 1983 reus
428 1923 679 2001 habitat3
725 1925 799 1983 ad
838 1938 1128 1984 extranea
1171 1923 1337 1981 enim
1367 1919 1587 2001 judicia
1611 1942 1781 1978 nun—

96 2035 283 2092 quam
314 2029 734 2094 provocantur
755 2059 769 2086 ,
815 2035 1018 2094 neque
1041 2035 1072 2068 a
1094 2004 1627 2093 praetensionibus
1658 2009 1781 2066 suis

96 2097 273 2183 justis
316 2100 582 2162 detineri
624 2114 894 2183 possunt.
947 2098 1492 2158 Administrabant
1517 2096 1789 2155 aulicum

97 2187 396 2270 judicium
448 2193 729 2272 quinque
777 2189 1104 2268 originarii
1148 2186 1389 2246 nobiles
1433 2199 1495 2244 et
1531 2197 1655 2244 tres
1698 2181 1792 2263 ju-

98 2276 463 2338 risconsulti.
513 2280 585 2337 In
625 2277 911 2337 omnibus
971 2291 1174 2335 autem
1219 2275 1557 2357 provinciis
1617 2272 1795 2330 Prin-

100 2385 244 2448 ceps
284 2387 477 2425 unum
515 2367 824 2426 extribus
863 2364 1189 2424 canditatis
1234 2361 1516 2444 eligebat,
1563 2362 1673 2442 qui
1699 2381 1793 2418 se-

99 2452 377 2512 cundum
399 2459 516 2531 jas
557 2456 869 2512 Calmense
890 2468 951 2514 et
977 2454 1461 2512 Constitutiones
1500 2446 1796 2529 justitiam

100 2539 542 2602 administrare
584 2541 908 2602 debebant.
958 2542 1021 2599 Si
1078 2563 1231 2600 vero
1286 2541 1580 2619 Princeps
1638 2533 1795 2617 quid

105 2630 269 2712 piam
315 2645 532 2690 contra
575 2629 739 2709 jura,
779 2630 1126 2702 libertateS‚
1177 2641 1237 2687 et
1273 2626 1599 2709 privilegia
1622 2622 1791 2682 fecis-

106 2731 234 2790 set,
281 2741 486 2802 neque
526 2718 601 2776 ad
640 2716 1031 2778 subditorum
1093 2737 1346 2776 suorum
1396 2733 1608 2796 preces
1671 2709 1797 2768 fac-

106 2816 234 2862 tum
279 2828 455 2867 suum
493 2806 906 2879 emendasset,
973 2804 1237 2864 liberum
1293 2815 1426 2861 erat
1469 2798 1794 2859 ordinibus

108 2895 469 2975 provinciae
508 2896 740 2978 absque
779 2894 902 2952 ulla
940 2892 1292 2952 rebellionis
1353 2903 1458 2947 aut
1509 2885 1797 2969 conjura—

106 2983 291 3040 tionis
332 2984 509 3066 culpa
551 2984 627 3042 ad
679 2982 973 3043 Poloniae
1014 2983 1176 3064 regis
1231 2979 1648 3063 patrocinium
1694 2996 1793 3033 re-

106 3090 364 3133 currere
385 3118 400 3148 ‚
449 3088 508 3134 et
547 3075 763 3155 vigore
790 3084 1114 3156 pactorum
1148 3071 1309 3128 inter
1336 3088 1545 3147 regem
1582 3077 1643 3125 et
1666 3065 1794 3124 Du-
