1940 3672
554 196 1263 278 Porta’galloram.
1592 198 1674 257 59

81 408 211 443 esse
236 431 249 457 ,
298 398 355 442 et
394 385 576 441 varia
620 381 976 453 Principum
1015 380 1078 434 in
1119 399 1194 436 ea
1217 377 1502 454 ingenia,
1547 379 1762 434 varios

89 494 298 531 sensas
353 494 495 528 esse.
565 467 765 545 Igitur
820 467 1109 541 Plzz'lcplm
1175 467 1226 522 I.
1274 471 1558 524 successit
1604 462 1765 522 filius

91 562 409 635 Philippus
440 558 528 612 II.
576 555 685 633 qui
725 555 861 613 Rex
890 553 1329 635 Hispaniarum
1368 550 1482 611 hoc
1513 553 1765 609 nomine

89 649 305 705 tertius
344 657 509 715 erat3
557 643 666 722 qui
691 643 928 699 Pseudo
969 643 1399 698 Sebastianum
1439 639 1763 718 Portugal-

90 734 228 791 liam
262 731 335 788 ad
367 729 731 790 seditionem
762 749 1157 789 commovere
1192 727 1537 787 studentem
1560 770 1575 799 ,
1621 727 1667 783 F
1672 726 1763 783 lo-

88 821 322 879 rentiae
368 830 618 897 captum
655 814 730 872 ad
766 819 1051 877 triremes
1087 815 1436 874 damnavit:
1486 818 1556 873 In
1600 812 1765 871 Indi-

84 928 146 964 as
197 926 377 963 omne
410 905 851 962 commercium
898 907 1170 986 exceptis
1217 904 1503 985 Hispanis
1541 916 1602 961 et
1639 901 1768 960 Lu-

85 994 288 1052 sitanis
329 988 678 1073 prohibuit:
727 1005 787 1050 et
818 994 1104 1050 suecessit
1147 990 1237 1047 illi
1283 993 1466 1051 1621.
1507 991 1757 1064 Philip-

79 1102 200 1158 pus
242 1081 368 1137 III.
412 1079 546 1152 >sub
607 1100 733 1160 quo
784 1079 1206 1161 Hispanorum
1257 1075 1469 1160 jugum
1514 1076 1764 1136 tandem

85 1165 419 1248 Portugalli
462 1179 600 1250 post
668 1168 767 1227 60.
815 1181 878 1227 et
920 1165 1178 1248 amplius
1226 1186 1417 1224 annos
1477 1185 1780 1227 excusse-.

88 1267 269 1327 runt,
317 1256 581 1335 pertaesi
617 1257 783 1313 enim
808 1253 1143 1335 portugalli
1184 1251 1541 1311 diuturnam
1574 1266 1635 1312 et
1675 1251 1771 1309 di·-

89 1364 223 1401 ram
262 1343 646 1414 servitutem,
691 1344 928 1424 Regem
964 1342 1083 1400 sibi
1116 1341 1434 1423 elegerunt
1466 1343 1766 1397 <Ioannem

88 1433 208 1487 IV.
256 1451 418 1488 anno
463 1432 646 1491 1640.
695 1431 759 1488 in
801 1429 972 1511 cujus
1009 1429 1201 1490 verba
1240 1450 1466 1511 magno
1508 1448 1768 1486 consen-

83 1540 153 1578 su
211 1515 497 1599 jurarunt
532 1520 716 1577 etiam
764 1520 828 1577 in
864 1517 1068 1578 India:
1117 1516 1194 1577 de
1247 1538 1373 1600 quo
1410 1537 1548 1574 casu
1589 1537 1766 1596 egre-2

78 1608 177 1689 gie
217 1620 665 1666 commentatus
690 1620 781 1666 est
829 1609 1029 1666 Soasa
1070 1605 1136 1685 a)
1184 1619 1246 1664 et
1284 1608 1538 1663 Flavias
1577 1607 1766 1660 Vela-

85 1717 225 1752 scas
263 1694 324 1771 b)
373 1716 488 1776 pro
533 1691 671 1774 jure
694 1697 952 1752 Joanm's
990 1697 1108 1751 IV.
1157 1693 1564 1775 portugalliae
1605 1693 1768 1772 regis

91 1782 249 1866 juste
282 1781 679 1859 consalutati3
725 1797 916 1866 prout
945 1781 1211 1840 dilucide
1245 1795 1410 1863 patet
1451 1802 1527 1840 ex
1575 1781 1772 1837 Pane-

91 1872 226 1952 gyri
246 1869 626 1953 apologetica
649 1868 707 1948 c)
718 1892 846 1945 pro
866 1873 1201 1928 Lusitania
1223 1872 1537 1928 vindicata
1575 1890 1614 1922 a
1644 1890 1777 1924 ser-

85 1964 281 2016 vitate
336 1961 578 2030 injusta
602 2004 619 2029 ‚
692 1960 769 2015 ab
807 1962 974 2036 jugo
1043 1961 1251 2035 iniquo
1277 2004 1293 2032 ,
1354 1981 1395 2014 a
1434 1959 1769 2032 tyrannide

86 2049 345 2103 immani
386 2049 729 2120 Castellae,
767 2049 955 2119 jare,
1002 2050 1269 2119 virtute,
1339 2068 1527 2120 opera
1575 2046 1771 2100 Joan-

87 2139 182 2193 nis
222 2139 265 2190 J
266 2139 338 2191 V.
373 2136 542 2207 justi
583 2138 780 2212 regis,
828 2156 988 2191 armo
1018 2138 1412 2210 captivitatis
1443 2135 1760 2209 sexagesi-

83 2246 192 2289 ma,
242 2224 443 2303 Igitur
495 2221 831 2305 Portugalli
869 2226 1168 2281 Ioannem
1212 2225 1330 2281 IV.
1381 2221 1599 2281 ducem
1625 2221 1767 2277 Bra-

87 2313 406 2391 gantinum
444 2308 582 2390 jure
616 2308 1024 2370 haereditario
1071 2311 1393 2393 eligenteS,
1440 2332 1516 2369 ex
1548 2306 1764 2368 eadem

81 2398 310 2457 familia
345 2399 406 2455 in
454 2396 821 2457 hodiernum
857 2421 1050 2481 usque
1079 2397 1244 2457 diem
1268 2420 1441 2479 reges
1480 2418 1619 2456 suos
1656 2417 1764 2452 vc-

90 2500 417 2558 nerantur3
464 2507 589 2567 quo
628 2499 908 2568 tempore
954 2489 1253 2569 quoniam
1286 2487 1582 2571 Hispania
1624 2505 1768 2543 oum

87 2574 293 2648 Gallis,
342 2576 584 2634 Batavis
623 2587 684 2634 et
725 2574 1166 2635 rebellantibus
1206 2575 1554 2634 Catalaunis
1602 2571 1763 2630 bello

1545 2682 1678 2741 gra·

159 2872 228 2927 a)
270 2867 332 2917 In
364 2866 642 2918 Lusitania
675 2867 900 2920 liberata
920 2868 1157 2921 Londini
1192 2865 1344 2920 1649.
1383 2863 1478 2917 fol.
1552 2861 1606 2932 b)
1644 2863 1766 2915 Fla-

248 2937 366 2987 vius
403 2937 650 2988 Velascus
708 2937 1022 3002 Goveanus,
1073 2956 1174 3010 pro
1223 2939 1350 2989 Jure
1404 2937 1625 2986 Joannis
1680 2934 1772 2984 1V.

247 3006 464 3073 scripsit
533 3006 789 3059 adversus
837 3008 1129 3079 Hispaniae
1180 3024 1365 3076 regem
1414 3006 1768 3076 Olyssiponae

249 3073 400 3129 1645.
436 3073 531 3128 fol.
606 3080 655 3139 c)
697 3078 930 3130 Parisiis,
975 3077 1129 3133 1641.
1168 3078 1224 3130 in
1260 3076 1310 3129 4.
