1940 3672
599 146 1186 202 Tur-coram.
1526 145 1651 207 559

59 339 416 405 progressus
446 337 639 377 causa
673 313 1075 378 adscribenda
1097 332 1185 379 est
1211 330 1331 382 tam
1364 315 1630 380 desidiae
1667 340 1738 379 ac

57 411 229 468 vitiis
296 409 678 467 Graecorum
737 404 1230 488 Imperatorum,
1314 426 1504 491 quam
1553 408 1739 468 etiam

58 495 406 556 fortitudini
442 507 503 552 et
539 489 826 552 audaciae
864 495 1248 572 Turcarum‚
1295 495 1600 578 imprimis
1646 496 1744 551 in-

59 585 362 644 stitutioni
400 579 659 638 Militiae
701 581 1120 641 Janizaricae.
1171 587 1521 668 Imperator
1558 579 1742 642 hodie

62 675 240 731 etiam
288 669 572 752 quamvis
632 667 1012 729 voluntatem
1065 692 1235 731 suam
1287 694 1404 755 pro
1457 668 1591 751 lege
1629 667 1741 727 ha-

60 761 232 834 beat,
280 759 475 815 utitur
510 767 716 814 tamen
758 777 869 815 suo
908 758 1263 820 Ministerio
1295 782 1401 820 seu
1437 757 1743 817 Consilia-

61 851 204 918 riis‚
250 864 520 927 quorum
558 843 852 904 Senatum
896 848 1119 903 Divcm
1159 862 1396 908 vocant.
1446 847 1745 906 Omnium

58 935 325 995 aliorum
377 933 776 1012 regnantium
841 934 1207 1017 Principum
1256 937 1520 1017 Legatos
1587 934 1750 994 Con-

59 1019 450 1102 stantinopoli
493 1022 757 1101 excipit,
803 1041 1069 1103 suosque
1104 1022 1180 1081 ad
1213 1023 1362 1082 alios
1398 1024 1749 1103 Regnantes

60 1112 306 1169 mittere
345 1106 532 1182 solet,
581 1128 737 1189 quos
785 1123 1066 1192 tempore
1108 1110 1323 1171 indicti
1368 1110 1516 1171 belli
1562 1132 1745 1170 revo-

57 1210 156 1257 cat
201 1218 374 1255 more
429 1195 696 1262 aliorum
755 1199 1135 1281 Principum.
1207 1200 1459 1258 Justitia
1511 1197 1748 1280 ubique

57 1287 437 1351 strictissime
470 1281 936 1348 administratur
969 1309 1082 1368 per
1118 1288 1204 1346 sic
1240 1286 1436 1347 dictos
1461 1288 1748 1364 Sangia-

59 1396 189 1444 003,
254 1394 422 1432 secus
464 1369 526 1428 hi
576 1370 652 1430 de
691 1370 987 1453 injustitia
1041 1377 1311 1434 convicti
1351 1373 1752 1457 strangulan-

60 1475 163 1527 tur
202 1484 315 1544 per
356 1462 564 1518 missas
601 1459 678 1523 ab
723 1460 1108 1542 Imperatore
1148 1484 1345 1527 zonas.
1390 1463 1470 1541 a)

233 1548 277 1626 ᾗ.
327 1549 381 1607 4.
454 1551 679 1606 Status
720 1551 883 1605 Belli
925 1560 986 1607 et
1025 1552 1340 1608 Memoria
1386 1553 1752 1626 Principum

63 1641 380 1699 Virorum·
430 1636 606 1695 Licet
642 1639 879 1696 Turcae
916 1635 1036 1717 jam
1075 1639 1281 1700 seculo
1322 1636 1552 1697 Christi
1593 1644 1635 1698 1.
1678 1652 1751 1697 ut

58 1725 188 1805 ejus
245 1727 458 1785 aetatis
520 1724 806 1807 Scriptor
867 1728 1236 1802 Pomponius
1300 1729 1477 1785 Mela
1529 1726 1606 1785 ad
1653 1750 1752 1788 an.

67 1810 174 1872 Ch.
211 1813 309 1873 48.
346 1814 477 1870 noti
502 1814 887 1886 exstiterint,
920 1826 981 1873 et
1014 1812 1090 1872 ad
1125 1817 1383 1878 Tanaim
1413 1836 1558 1875 oum
1594 1817 1755 1898 Tyr-

58 1903 284 1982 sagetis
322 1913 519 1959 vastas
566 1901 745 1966 silvas
786 1897 1239 1978 hahitaverint,
1284 1905 1621 1967 successive
1662 1919 1753 1964 ta-

60 2012 201 2055 men
249 2010 466 2048 eorum
517 2003 647 2054 acta
709 1988 936 2047 obsura
1003 2004 1110 2049 aut
1161 1994 1372 2076 ignota
1421 2006 1754 2052 evaserunt

60 2099 256 2158 usque
315 2073 390 2138 ad
449 2076 735 2143 Seculum
790 2078 959 2138 VHI.
1010 2090 1259 2145 centum
1318 2081 1570 2145 circiter
1615 2094 1755 2164 post

61 2167 453 2229 Mahomeclis
512 2179 813 2237 mortem,
876 2189 1001 2248 quo
1062 2189 1178 2229 evo
1221 2190 1334 2250 per
1373 2182 1585 2251 portas
1635 2169 1751 2227 Ca-

65 2257 222 2335 spias
266 2268 337 2312 ut
391 2250 674 2335 Scythica
715 2275 861 2335 gens
917 2266 1321 2337 transgressa,
1383 2256 1754 2317 hodiernam

54 2342 399 2424 ,Georgium
457 2340 765 2417 consedit,
827 2343 937 2401 ubi
994 2357 1306 2427 tamquam
1351 2365 1497 2428 gens
1557 2366 1750 2426 vaga,

1452 2454 1670 2516 gravla

129 2569 201 2635 a)
240 2569 394 2621 Statu
429 2569 658 2622 Politico
696 2569 1006 2621 Turcarum
1043 2569 1258 2645 legendi
1298 2582 1426 2624 sunt
1463 2574 1754 2625 Bartholo-

179 2636 186 2640 ’
218 2641 358 2691 maei
388 2640 727 2708 Georgievits
760 2641 1017 2710 Epitome
1062 2640 1128 2693 de
1158 2641 1405 2700 moribus
1444 2643 1755 2696 'furcarum

219 2710 464 2762 Genevae
514 2708 665 2761 1598.
700 2711 852 2762 Joan.
892 2711 1048 2779 Bapt.
1089 2711 1426 2764 Montalbani
1460 2714 1753 2766 Commen-

218 2781 422 2830 tarium
479 2779 679 2831 Romae
741 2778 897 2832 1636.
952 2782 1028 2831 De
1072 2780 1194 2832 aula
1241 2780 1472 2833 Tui-clca
1528 2785 1753 2854 scripsit

220 2850 488 2901 Antonius
521 2848 819 2907 Gaufraeus
868 2850 1100 2901 Basileae
1144 2849 1295 2902 1577.
1343 2854 1536 2909 Petrus
1576 2855 1754 2906 Bizari

223 2919 457 2970 Basileae
499 2917 653 2975 1573.
688 2921 895 2988 optima
930 2930 1010 2971 est
1042 2921 1349 2990 Descriptio
1381 2923 1604 2975 Nacoiai
1636 2925 1755 2975 Ho-

228 2989 400 3056 nigcri
449 2989 680 3040 Basileae
721 2989 871 3044 15:28.
912 3003 964 3042 et
1000 2990 1154 3043 Pauli
1191 2991 1403 3048 Rieaut.
1444 2994 1620 3048 Libris
1654 2995 1757 3046 tri—

229 3058 330 3109 bus
369 3059 625 3113 Londiui.
