1940 3672
280 213 356 271 14
475 241 482 245 “
839 213 1286 271 Historia

187 418 465 458 amorem
499 386 911 456 foeminarum
950 394 1162 466 effus1,
1191 392 1411 476 passim
1450 412 1637 450 unam
1679 397 1874 476 captia

186 510 328 546 vam
352 483 639 568 pluribus
675 484 828 542 viris
853 495 1162 557 ementes,
1210 480 1569 539 habitabant
1610 480 1672 539 in
1707 485 1872 541 cavis

181 577 412 658 petri5‚
479 569 781 654 specubus
846 570 1060 628 effosis.
1149 570 1388 629 Aureis,
1427 582 1489 628 et
1541 568 1869 649 Argenteis

180 664 383 721 numis
425 682 551 718 non
588 656 961 715 utebantur:
1000 655 1119 736 jam
1156 657 1397 736 parvuli
1438 656 1756 715 discebant
1778 655 1868 738 ja-

179 749 396 809 culari.
433 745 722 826 Hispanis
769 758 986 801 natura
1023 742 1210 801 calida
1251 756 1369 816 est,
1416 744 1588 803 color
1636 744 1867 804 subob-

179 857 416 907 scuruS‚
461 834 561 891 cui
603 828 880 913 juvando
910 829 1212 890 faeminae
1231 833 1424 890 minio
1464 846 1749 904 utuntur,
1767 855 1868 892 su-

178 923 541 1009 perstitione
581 933 833 977 cunctos
853 932 1150 1001 superant
1175 962 1190 990 ‚
1226 918 1605 979 adulationes
1631 934 1692 979 et
1737 944 1866 979 am-

178 1014 310 1098 plos
367 1007 577 1068 titulos
614 1020 858 1081 amant,
907 1008 1096 1066 animi
1126 1028 1334 1066 sensus
1381 1004 1723 1067 simulando
1764 1029 1862 1067 ce-

173 1105 343 1174 lant,
401 1097 770 1179 gravitatem
823 1109 1090 1155 Servant.
1160 1093 1480 1155 Fae-minae
1533 1118 1659 1154 non
1711 1095 1862 1154 adeo

173 1204 317 1253 sunt
354 1182 689 1246 foecundae
714 1227 730 1256 ,
761 1184 911 1242 vino
945 1182 1286 1266 plurimum
1309 1182 1652 1260 abstinent3
1697 1183 1862 1264 apud

175 1293 423 1340 exteros
465 1273 621 1332 alter
657 1271 922 1332 alterum
976 1270 1227 1345 laudat,
1270 1270 1509 1330 extollit
1534 1316 1550 1345 ‚
1595 1267 1863 1353 justitiae

172 1368 443 1428 cultores
476 1362 768 1431 maximi,
807 1356 904 1441 jus
950 1358 1294 1441 aequaliter
1339 1359 1625 1419 omnibus
1661 1358 1859 1417 admi-⁶

168 1459 504 1524 lustratur,
549 1449 873 1508 latrocinia
920 1469 1115 1530 pauca
1160 1450 1682 1507 committuntur:
1730 1470 1859 1505 ma-

169 1568 288 1629 gna
330 1560 573 1621 semper
605 1536 952 1597 moliuntur
972 1560 988 1613 3
1024 1535 1134 1595 ubi
1161 1534 1303 1609 dim,
1353 1549 1460 1594 aut
1482 1535 1690 1617 plures
1711 1557 1859 1594 con-

173 1633 442 1695 veniunt
486 1625 563 1686 cle
598 1622 944 1708 republica,
994 1624 1500 1705 gravissimisque
1524 1623 1712 1683 rebus
1736 1621 1860 1681 dis-

172 1743 379 1783 serere
410 1727 651 1791 amant3
697 1710 971 1797 pulchris
1006 1727 1068 1772 et
1094 1712 1431 1772 commodis
1456 1725 1717 1770 utuntur
1752 1734 1857 1771 ve-

171 1811 366 1872 stibus
407 1820 521 1867 etc,

329 1898 375 1976 ᾗ.
428 1897 481 1955 5.
532 1895 749 1950 Status
785 1888 1084 1947 Politia-us
1133 1898 1195 1944 et
1238 1889 1472 1945 Forma
1508 1888 1859 1964 Regiminis

167 1987 538 2063 Hispaniae.
584 1979 784 2039 Missis
819 1977 1263 2058 antiquissimis
1322 1975 1660 2060 Hispaniae
1693 1974 1858 2056 regi-

171 2076 323 2150 bus,
361 2072 677 2151 rebusque
722 2065 802 2125 ab
862 2066 934 2124 iis
984 2064 1152 2125 domi
1200 2062 1586 2146 militiaeque
1640 2065 1859 2145 gestis,

169 2161 472 2224 brevibus
508 2156 850 2218 Historiam
874 2153 1296 2235 Hispanorum
1329 2152 1498 2234 quod
1522 2151 1599 2210 ad
1629 2164 1860 2211 statum

168 2253 500 2314 Politicum
534 2250 597 2307 in
637 2258 914 2326 quatuor
936 2239 1208 2324 Epochas
1236 2241 1570 2300 dividimus
1593 2285 1609 2312 ,
1655 2240 1856 2322 prima

172 2339 619 2423 complectetur
658 2346 882 2392 statum
904 2332 1233 2410 antiquum
1266 2328 1385 2388 sub
1415 2326 1860 2408 Carthaginen-

162 2432 330 2491 sibus
362 2441 424 2486 et
452 2423 763 2486 Romanis,
814 2417 1091 2478 Secunda
1147 2419 1264 2477 sub
1327 2416 1563 2476 Gothis
1638 2417 1852 2476 Tertia

167 2520 282 2582 sub
320 2515 654 2576 Saracenis.
691 2511 926 2581 Quarta
964 2505 1078 2566 sub
1114 2503 1485 2566 Monarchis.
1515 2510 1556 2571 Ι,
1591 2508 1669 2561 In
1705 2507 1854 2563 Sta-

170 2624 239 2669 ta
288 2608 546 2681 antiquo
586 2600 920 2681 Hispaniae
963 2595 1157 2655 divisa
1198 2594 1320 2654 fuit
1355 2596 1416 2653 in
1470 2595 1669 2653 varias
1708 2615 1852 2675 par-

162 2719 269 2759 vas
307 2689 719 2775 respublicas,
767 2705 959 2768 quare
991 2686 1175 2745 etiam
1225 2685 1539 2743 continuis
1583 2680 1852 2741 aliorum

163 2783 548 2873 populorum
589 2774 920 2835 insultibus
955 2775 1232 2856 exposita
1254 2816 1269 2845 ,
1316 2793 1494 2854 saepe
1517 2769 1854 2829 funestissi-

162 2899 263 2937 me
295 2871 604 2933 devastata
643 2867 706 2922 in
754 2861 1011 2946 predam
1052 2860 1311 2921 aliarum
1349 2863 1628 2942 gentium
1649 2860 1847 2933 cessit3

166 2988 244 3025 ex
282 2962 373 3022 his
406 2955 687 3042 primarii
726 2966 902 3013 erant
934 2954 1145 3011 Celtae
1177 2953 1449 3033 quicum
1486 2950 1683 3007 Iberis
1701 2967 1850 3006 con-

166 3052 402 3138 juncti,
448 3068 594 3107 mox
632 3041 750 3104 sibi
792 3055 856 3101 et
898 3041 1140 3124 regioni
1209 3040 1577 3100 Celtiberiae
1624 3055 1853 3094 nomen

1651 3121 1758 3182 de-
