1940 3672
405 131 724 216 Gallorum
767 166 827 212 et
863 155 1265 223 Francorum.
1537 150 1655 212 155

86 317 219 372 1⁸08,
267 303 370 356 ira
397 302 575 356 cessit
608 296 988 369 sapientiae,
1034 304 1094 350 et
1140 295 1328 350 Mars
1350 292 1749 351 reverebatur

82 388 324 444 Musas,
385 384 689 445 Paulutim
754 380 1051 439 Italorum
1110 393 1172 440 et
1216 380 1599 439 Graecorum
1654 378 1749 436 di-

81 472 372 553 sciplinae
405 481 709 530 venerunt
732 469 794 525 in
833 467 1092 525 Galliam
1120 513 1135 541 ,
1181 489 1328 549 quas
1365 468 1480 548 ipsi
1506 487 1620 547 pro
1641 487 1748 523 sua

80 559 379 618 industria
421 553 679 615 mirifice
721 553 1133 614 elaborarunt.
1186 556 1252 634 a)
1276 554 1576 614 Veterum
1607 552 1752 610 Gal-

80 645 284 705 lorum
316 643 704 723 Theologiam
723 687 738 714 ,
785 643 1142 702 Doctrinam
1179 656 1239 703 et
1271 662 1471 701 mores
1504 661 1752 699 accura-

80 734 306 791 tissime
350 732 628 788 omnium
649 728 946 789 describit
980 733 1223 788 ‘Caesar
1248 731 1307 809 b)
1342 728 1584 787 dicens:
1624 728 1750 787 Na-

78 821 166 877 tio
200 817 515 876 Gallorum
558 815 889 876 admodum
922 817 1127 878 dedita
1179 816 1579 899 religionibus
1605 859 1622 887 ,
1669 815 1751 874 ob

79 927 262 987 quam
307 925 544 963 causam
571 950 587 978 ,
633 907 741 986 qui
786 919 928 963 sunt
970 906 1168 965 affecti
1234 905 1526 986 gravibus
1581 925 1754 963 mor-

77 993 167 1052 bis
192 1038 206 1065 ‚
252 1004 359 1050 aut
394 991 681 1073 periculis
703 1038 718 1065 ‚
766 1015 881 1074 pro
919 993 1185 1051 victimis
1220 991 1496 1052 homines
1529 992 1754 1049 immo-

81 1080 244 1154 lant,
291 1085 407 1137 aut
442 1101 505 1139 se
557 1080 977 1139 immolaturos
1012 1094 1259 1139 vovent.
1300 1081 1530 1138 Veram
1569 1077 1753 1136 Chri—

74 1169 330 1226 stianam
372 1168 732 1225 Doctrinam
780 1168 893 1250 ipsi
915 1166 1564 1250 Apostoli'intulerunt
1586 1169 1752 1222 Ραιι-

71 1258 166 1312 lus
187 1300 202 1328 ‚
251 1256 595 1329 Philc'ppaS,
624 1256 746 1314 imo
782 1268 843 1314 et
866 1257 1074 1313 Lucas
1109 1253 1510 1336 Evangelista.
1539 1255 1750 1334 Ipsum

74 1357 278 1402 autem
314 1363 574 1422 regnum
619 1342 695 1401 ad
746 1341 928 1401 fidem
975 1340 1203 1400 Christi
1244 1362 1612 1400 conversum
1662 1354 1754 1399 est

75 1453 169 1487 an.
204 1428 309 1489 Ch.
350 1430 493 1490 499.
526 1430 642 1489 sub
685 1432 1034 1489 Clodovan.
1082 1425 1140 1508 c)
1187 1426 1368 1501 Quod
1424 1430 1755 1504 Jurispm-

70 1521 279 1576 dentice
343 1539 464 1596 lam
517 1516 680 1602 apud
727 1532 967 1578 veteres
1016 1517 1222 1576 Gallos
1270 1516 1544 1597 viguerit
1598 1518 1751 1573 Cae-

70 1629 181 1662 sar
215 1607 299 1665 sic
323 1604 550 1665 refert:
592 1606 658 1685 cl)
678 1607 847 1677 Quae
876 1607 1151 1665 civitates
1184 1602 1561 1663 commodius
1581 1624 1751 1661 suam

70 1692 517 1775 rempublicam
555 1692 984 1754 administrare
1025 1694 1476 1766 existimantur,
1525 1688 1754 1751 habent

71 1780 309 1861 legibus
354 1782 650 1839 sancitum
680 1803 694 1852 3
729 1783 777 1839 si
817 1784 954 1863 quis
986 1780 1138 1863 quid
1176 1780 1252 1839 de
1302 1781 1453 1862 Rep.
1514 1802 1547 1836 a
1601 1777 1750 1836 fini-

69 1868 184 1926 bus
219 1889 470 1927 rumore
515 1881 618 1925 aut
657 1867 815 1926 fama
853 1871 1176 1951 acceperit,
1227 1866 1299 1924 ad
1322 1868 1752 1948 Magistratum

73 1955 342 2028 deferat,
389 1977 592 2036 neque
616 1976 755 2014 cum
780 1955 899 2015 alio
942 1958 1371 2016 communicet.
1419 1956 1573 2015 Cum
1597 1975 1751 2015 vero

71 2044 266 2101 Gallia
310 2044 373 2099 in
414 2046 797 2124 provinciam
820 2043 1043 2103 fuisset
1080 2043 1357 2114 redacta,
1394 2045 1601 2102 omnia
1631 2057 1753 2102 sta-

74 2133 186 2190 tim
228 2130 361 2210 jura
399 2144 459 2189 et
495 2129 657 2211 leges
687 2144 1089 2190 commutatas
1121 2153 1247 2192 esse
1291 2130 1444 2190 dicit
1504 2133 1750 2190 Strabo,

72 2220 144 2298 e)
195 2221 285 2278 De
328 2217 587 2299 publicis
624 2217 842 2278 scholis
882 2233 1086 2279 autem
1129 2222 1444 2278 Cornelius
1499 2223 1755 2277 Tacitus

71 2303 218 2366 haec
249 2306 539 2387 reliquit:
588 2319 827 2367 veteres
864 2306 1069 2366 Gallos
1091 2308 1555 2384 Azcgzcstodccni‚
1591 2329 1754 2388 quae

71 2395 442 2454 nobilissima
477 2393 626 2452 urbs
660 2394 1029 2454 Heduorum
1071 2409 1236 2468 erat,
1265 2394 1481 2454 studiis
1519 2395 1754 2454 libera—

69 2481 230 2542 libus
274 2504 527 2566 operam
549 2480 798 2544 dedisse.
824 2481 943 2542 Sed
976 2480 1130 2542 hanc
1164 2485 1515 2542 Batavicae
1551 2481 1753 2565 cujus-

1530 2570 1672 2632 dam

135 2739 196 2808 a)
233 2738 441 2789 Caesar.
480 2738 541 2790 L.
581 2735 630 2789 7.
676 2736 1225 2788 Commentariorum.
1264 2735 1318 2807 b)
1357 2737 1553 2787 Caesar
1587 2738 1650 2788 L.
1691 2736 1748 2790 6.

226 2816 514 2859 comment.
546 2806 596 2870 c)
632 2806 898 2857 Socrates.
933 2807 995 2857 L.
1037 2806 1090 2860 7.
1126 2805 1276 2857 c.30.
1315 2806 1432 2856 Ado
1474 2807 1750 2858 Viennen-

223 2876 295 2926 sis
341 2878 398 2927 in
450 2876 758 2932 Chronicis.
816 2876 1109 2943 Gregorius
1176 2874 1534 2933 TuronensiS‚
1585 2878 1648 2928 L.
1702 2877 1750 2929 2.

228 2945 376 2997 Paul.
406 2945 697 2997 Aemilian.
716 2945 778 2996 L.
820 2944 866 2996 1.
899 2946 1040 2997 Hist.
1060 2944 1120 3016 d)
1150 2945 1357 2997 Caesar.
1382 2946 1440 2996 L.
1463 2943 1512 3001 6.
1535 2943 1600 2997 de
1618 2945 1743 2999 bell.

224 3013 449 3068 Gallico.
500 3017 553 3086 e)
584 3014 647 3067 L.
683 3013 735 3067 4.
772 3013 1082 3087 Geograph.
