1940 3672
693 137 1211 212 Belgarum.
1585 135 1708 195 277

110 334 249 372 cum
292 311 488 393 Belgis
548 318 799 368 mortuo
851 308 1114 367 Alberto
1180 319 1244 368 et
1297 306 1576 366 Isabella
1640 327 1799 371 sem-

112 424 226 482 per
285 413 486 458 tamen
541 393 768 454 infelici
828 417 1106 456 successu
1167 417 1280 479 per
1310 398 1803 465 ‘Fer-elinandum

110 488 364 547 fratrem
381 482 770 544 Cardinalem
812 485 1233 544 continuavit:
1282 483 1369 561 a)
1414 483 1560 543 licet
1594 495 1800 544 autem

108 575 544 634 constitutione
583 574 748 654 pacis
798 573 1265 650 Wbstplzalicae
1320 571 1504 632 1648.
1555 570 1805 651 Belgica

109 660 476 744 Respublica
506 658 703 719 libera
738 658 929 720 fuerit
966 658 1307 735 declarata,
1353 658 1615 743 ejusque
1648 660 1804 718 ami-

105 753 317 808 citiam
359 767 570 807 omnes
613 747 902 832 Europae
951 749 1155 808 Status
1189 751 1604 831 expetierint-3
1668 747 1803 806 An-

104 838 186 918 gli
225 851 427 896 tamen
468 857 614 895 mox
650 835 778 919 ejus
812 839 1154 918 potentiam
1188 839 1413 911 veriti,
1459 837 1632 896 omni
1665 856 1804 894 mo-

103 925 180 983 de
232 922 520 1006 frangere
565 924 993 1002 conabantur3
1059 922 1224 984 unde
1260 937 1510 985 enatum
1560 922 1799 985 bellum

102 1013 281 1071 initio
316 1007 504 1094 Angli
536 1009 804 1072 feliciter
844 1027 1200 1094 gesserunt,
1261 1011 1458 1072 donec
1515 1015 1802 1089 Trompi-

98 1122 173 1159 us
215 1101 372 1160 XII.
412 1100 675 1160 navibus
723 1103 1056 1161 instructus
1110 1113 1279 1159 tanta
1324 1103 1515 1160 animi
1570 1103 1636 1161 vi
1675 1097 1800 1160 ho—

98 1202 253 1247 stem
293 1186 744 1270 aggrederetur
768 1235 784 1263 ,
851 1199 922 1246 ut
972 1189 1089 1247 nisi
1129 1189 1343 1270 perire
1380 1188 1567 1250 vellet
1608 1210 1672 1249 se
1717 1187 1799 1247 ad

97 1275 311 1334 littora
349 1276 614 1357 Anglica
643 1278 922 1359 recipere
953 1289 1320 1359 cogeretur3
1364 1273 1463 1336 hic
1501 1298 1645 1338 cum
1677 1274 1787 1336 ad·-

95 1364 489 1424 venientibus
546 1363 1006 1423 Hollandorum
1078 1376 1330 1424 centum
1394 1363 1676 1425 Navibus
1731 1384 1798 1424 se

104 1455 431 1528 Trompias
481 1465 544 1513 et
588 1455 918 1512 Baiterias
962 1449 1380 1534 conjungens,
1448 1453 1577 1512 acri
1612 1473 1801 1535 proe-

97 1540 182 1600 lio
233 1539 466 1623 Anglos
512 1543 868 1624 superavit,
936 1561 1286 1623 eorumque
1333 1539 1564 1601 clausas
1605 1561 1797 1600 naves

97 1630 160 1688 in
221 1640 557 1713 conspectu
612 1628 1102 1689 Londinensium
1156 1628 1532 1706 combussitg
1608 1627 1797 1689 1665.

100 1718 396 1777 Ceterum
444 1720 557 1776 ista
609 1715 783 1776 clade
825 1730 1128 1799 quantum
1172 1715 1384 1777 damni
1444 1720 1633 1782 etiam
1679 1716 1798 1775 Hi-

97 1807 453 1887 spaniarum
485 1807 616 1887 regi
655 1805 886 1864 illatum
924 1806 1033 1879 sit,
1069 1807 1177 1863 vix
1217 1803 1342 1864 dici
1382 1819 1616 1889 potest:
1664 1819 1800 1864 tan-

101 1893 241 1952 dem
301 1893 533 1953 bellum
590 1893 705 1953 hoc
756 1915 905 1978 pace
953 1897 1253 1953 Bredcma
1310 1894 1496 1955 1667.
1542 1915 1800 1979 compo-

97 1979 284 2040 situm
321 1994 425 2042 est.

271 2126 426 2184 Pace
467 2121 579 2183 hac
621 2126 928 2181 Breclana
967 2135 1334 2184 exterorum
1382 2120 1654 2185 hostium
1688 2124 1792 2184 in-

92 2212 488 2272 cursionibus
528 2213 726 2272 securi
770 2210 993 2294 Belgae
1015 2257 1032 2286 ,
1073 2210 1306 2272 dudum
1340 2210 1663 2293 gliscentes
1696 2235 1792 2273 se-

82 2301 358 2376 ditiones
419 2301 733 2361 intestinas
798 2316 938 2384 post
992 2314 1259 2361 mortem
1327 2302 1650 2360 JVillzelmz·
1696 2304 1789 2361 II.

1496 2389 1703 2473 palam

161 2562 224 2632 a)
262 2561 567 2617 CluvcriUS.
603 2559 746 2629 Epit.
783 2562 927 2616 Hist.
965 2561 1130 2615 Univ.
1165 2581 1219 2631 p.
1252 2558 1371 2617 810,
1404 2561 1551 2613 Bella
1582 2570 1636 2612 et
1666 2570 1790 2613 tur-

229 2633 323 2683 bas
358 2632 595 2701 Belgicas
631 2647 798 2699 usquc
847 2632 914 2682 ad
952 2632 1198 2684 inducias
1235 2630 1391 2688 1609.
1430 2649 1624 2700 magna
1664 2649 1791 2699 gra-

235 2705 401 2753 vitate
443 2701 696 2771 exposuit
735 2701 958 2752 Grotius
983 2742 996 2759 .‚
1050 2720 1213 2772 quem
1254 2701 1592 2753 continuavit
1633 2701 1699 2752 de
1739 2701 1792 2751 la

233 2772 483 2824 Neuville
525 2770 742 2823 Parisiis
785 2769 934 2822 1693.
977 2770 1027 2824 4,.
1071 2771 1276 2823 volum.
1330 2770 1473 2825 finit.
1519 2789 1644 2822 cum
1689 2790 1789 2841 pa-

232 2860 290 2891 ce
341 2841 786 2908 Noviomagensi.
839 2842 972 2891 Item
1014 2842 1193 2893 Pieter
1226 2841 1596 2904 Cliristiaens‚
1649 2843 1789 2893 Am-

231 2911 515 2963 stelodami
552 2910 704 2963 1681.
742 2910 840 2967 sol.
873 2912 1137 2979 Georgius
1167 2910 1286 2961 Leti
1320 2909 1631 2962 Theatrum
1664 2911 1791 2964 Bel-

234 2981 447 3046 gicum,
522 2991 574 3031 ct
621 2982 816 3052 Bizoty
867 2980 1094 3035 Abbatis
1147 2981 1393 3033 Historia
1444 2981 1786 3037 Hollandiae.

233 3050 448 3105 Parisiis
494 3048 646 3102 1687.
