1940 3672
699 126 1231 183 Brassoram.
1583 129 1704 187 287

123 314 392 377 maxima
442 312 713 388 Elbinga
761 309 825 366 in
868 305 1078 366 littore
1105 305 1290 364 maris
1328 318 1634 366 exstructa
1662 351 1678 380 ,
1725 334 1794 370 ac

119 428 154 462 a
189 414 604 463 mercatorum
649 394 1003 483 frequentia
1041 393 1317 453 celebris.
1405 396 1676 453 Tor-ania
1716 398 1794 456 ad

125 491 433 550 Vistulam
481 485 741 543 fluvium
776 483 977 566 patria
1044 485 1362 558 Cupernici
1406 481 1798 546 celeberrimi

121 574 497 637 Astronomi.
610 573 885 631 slldusia
921 614 936 641 ,
1015 573 1328 628 Gazeclentz
1363 615 1378 644 ‚
1443 574 1735 648 Rogosna
1780 616 1798 644 ,

119 664 638 738 Marienbzcrgum
691 661 873 718 1402.
920 671 1241 733 exturcta,
1273 661 1633 735 Mentichcz‚
1670 663 1796 718 Ro-

115 751 476 826 senffiwga,
560 747 1015 824 Strasbm·gum
1050 790 1065 817 ,
1132 742 1314 806 hodie
1392 747 1799 807 celeberrima

119 835 478 919 metropolis
566 845 657 895 est
750 836 1129 892 Berolitmm.
1209 833 1416 893 Fluvii
1478 839 1795 918 praecipui

115 936 294 987 sunt2
348 926 642 996 Vistula,
691 924 1012 993 Nemeini‚
1070 924 1360 995 Cromen,
1398 926 1649 999 Nogat‚
1683 927 1795 982 El-

117 1014 308 1089 binga
383 1008 696 1068 Passaria
762 1024 876 1071 ete.
968 1014 1039 1069 In
1103 1009 1416 1069 littoribus
1460 1012 1786 1072 Borussiae

111 1098 188 1158 ad
239 1120 411 1159 mare
451 1098 796 1157 Balthicum
866 1098 1196 1156 Succinum
1257 1097 1570 1178 colligitur
1626 1100 1795 1182 quod

109 1188 334 1246 Graeci
388 1187 691 1246 electrum
750 1199 1077 1250 vocarunt,
1172 1182 1375 1245 Habet
1408 1186 1689 1247 Borussia
1735 1202 1798 1248 et

111 1275 291 1335 silvas
327 1274 616 1349 caeduas,
656 1273 820 1333 unde
866 1295 1081 1353 magna
1135 1274 1309 1355 copia
1347 1273 1660 1354 lignorum
1719 1276 1798 1334 ad

111 1362 387 1440 navalem
420 1385 597 1420 usum
644 1373 705 1423 et
749 1360 1156 1422 domesticum
1199 1360 1603 1439 convehitur,
1643 1387 1796 1446 qua-

108 1473 180 1512 re
251 1449 329 1509 ad
396 1450 588 1510 malos
650 1451 905 1508 navium
978 1447 1054 1505 ad
1126 1451 1558 1509 remotissimas
1609 1456 1792 1512 etiam

107 1559 247 1600 oras
279 1536 695 1599 devehuntur.
772 1538 1056 1596 Barussia
1094 1533 1276 1595 hodie
1323 1536 1598 1619 Regibus
1644 1563 1796 1624 pro-

109 1628 264 1710 priis
319 1642 536 1709 paret,
582 1641 644 1686 et
706 1628 830 1684 suis
880 1625 1426 1684 constitutionibus
1487 1626 1798 1708 guberna-

107 1729 230 1773 tur.
321 1715 565 1796 Religio
620 1708 931 1791 Luterana
974 1727 1039 1771 et
1082 1712 1438 1773 Reformata
1492 1717 1796 1799 imprimis

104 1803 310 1884 viget,
350 1800 662 1862 Catholica
706 1803 894 1861 etiam
938 1803 1198 1883 sparsim
1255 1803 1594 1863 invenitur.
1640 1808 1795 1865 Pro--

109 1901 330 1949 ventus
373 1891 694 1949 Borussiae
730 1891 1009 1971 quinque
1047 1888 1349 1949 milliones
1373 1913 1500 1950 non
1534 1892 1795 1970 excedit,

111 1989 396 2061 tempore
448 1992 652 2037 tamen
692 1979 859 2060 paci-s
910 1978 1007 2037 50.
1050 1977 1241 2034 millia
1292 1993 1669 2040 armatorum
1703 1984 1796 2041 in—

109 2079 424 2126 tertenere
468 2078 686 2149 potest.
781 2068 881 2124 40.
944 2085 1128 2124 naves
1185 2064 1437 2126 bellicae
1493 2071 1795 2131 continuo

106 2166 306 2213 strare
358 2164 628 2236 possunt.
719 2152 962 2213 Incolae
1031 2165 1173 2211 sunt
1230 2153 1429 2216 bonae
1490 2170 1792 2233 statinae,

103 2240 519 2314 insatiabiles,
568 2241 944 2325 Spirituosos
999 2255 1178 2323 potus
1229 2258 1501 2304 amantes
1518 2289 1534 2319 ‚
1584 2247 1792 2307 excel-

105 2328 284 2389 lentis
320 2330 591 2411 ingenii,
639 2328 714 2388 ad
760 2331 1149 2412 gravissimos
1200 2328 1441 2392 labores
1478 2336 1621 2392 nati.
1667 2338 1791 2392 Re-

102 2420 404 2496 giomonti
452 2419 570 2475 tria
616 2439 905 2500 suprema
948 2418 1107 2476 Fora
1155 2415 1380 2496 habet,
1427 2422 1517 2489 uti
1557 2426 1792 2480 Forum

102 2506 606 2582 Appellationz'S,
655 2508 952 2564 Aeolicam
1018 2508 1384 2582 Cameram,
1432 2521 1493 2568 et
1548 2513 1791 2568 Consis-

105 2596 377 2668 toriam‚
442 2591 542 2652 hie
610 2615 709 2654 res
796 2594 1229 2678 religionariae
1303 2609 1786 2680 pertractantur.

107 2680 476 2762 Complures
537 2680 896 2741 Academias
968 2683 1107 2739 sinu
1181 2704 1291 2742 suo
1353 2685 1788 2767 complectitur

103 2789 181 2826 ex
251 2769 477 2850 quibus
530 2769 933 2829 Celeberrimi
1003 2770 1142 2829 Viri
1215 2793 1393 2854 saepe
1453 2772 1783 2854 prodeunt.

106 2855 463 2917 Generatim
519 2857 785 2918 Artibus
845 2853 1211 2919 mechanicis
1263 2861 1520 2936 intenti,
1561 2865 1785 2922 merci-

1562 2972 1694 3011 mo-
