<?xml version="1.0" encoding="UTF-8"?>
<!DOCTYPE html PUBLIC "-//W3C//DTD XHTML 1.0 Transitional//EN"
    "http://www.w3.org/TR/xhtml1/DTD/xhtml1-transitional.dtd">
<html xmlns="http://www.w3.org/1999/xhtml" xml:lang="en" lang="en">
 <head>
  <title>
</title>
<meta http-equiv="Content-Type" content="text/html;charset=utf-8" />
  <meta name='ocr-system' content='tesseract 3.04.00' />
  <meta name='ocr-capabilities' content='ocr_page ocr_carea ocr_par ocr_line ocrx_word'/>
</head>
<body>
  <div class='ocr_page' id='page_1' title='image "./historiauniversa03nagy_0093.png"; bbox 0 0 1940 3672; ppageno 0'>
   <div class='ocr_carea' id='block_1_1' title="bbox 492 219 1704 289">
    <p class='ocr_par' dir='ltr' id='par_1_1' title="bbox 492 219 1704 289">
     <span class='ocr_line' id='line_1_1' title="bbox 492 219 1704 289; baseline -0.006 0"><span class='ocrx_word' id='word_1_1' title='bbox 492 233 814 289; x_wconf 78' lang='lat' dir='ltr'><em>Gallorum</em></span> <span class='ocrx_word' id='word_1_2' title='bbox 858 238 918 284; x_wconf 85' lang='lat' dir='ltr'>et</span> <span class='ocrx_word' id='word_1_3' title='bbox 963 228 1364 284; x_wconf 74' lang='lat' dir='ltr'><strong><em>Francorum.</em></strong></span> <span class='ocrx_word' id='word_1_4' title='bbox 1622 219 1704 283; x_wconf 73' lang='grc'>69</span> 
     </span>
    </p>
   </div>
   <div class='ocr_carea' id='block_1_2' title="bbox 111 398 1813 3202">
    <p class='ocr_par' dir='ltr' id='par_1_2' title="bbox 111 398 1813 3202">
     <span class='ocr_line' id='line_1_2' title="bbox 112 398 1790 485; baseline -0.006 -20"><span class='ocrx_word' id='word_1_5' title='bbox 112 408 207 466; x_wconf 89' lang='lat' dir='ltr'>liis</span> <span class='ocrx_word' id='word_1_6' title='bbox 246 405 629 479; x_wconf 79' lang='lat' dir='ltr'><strong>interfuerit,</strong></span> <span class='ocrx_word' id='word_1_7' title='bbox 674 400 1084 485; x_wconf 77' lang='lat' dir='ltr'>habueritque</span> <span class='ocrx_word' id='word_1_8' title='bbox 1115 399 1433 461; x_wconf 85' lang='lat' dir='ltr'>honestam</span> <span class='ocrx_word' id='word_1_9' title='bbox 1456 398 1790 469; x_wconf 83' lang='lat' dir='ltr'>subsisten-</span> 
     </span>
     <span class='ocr_line' id='line_1_3' title="bbox 112 484 1795 573; baseline -0.003 -22"><span class='ocrx_word' id='word_1_10' title='bbox 112 498 292 571; x_wconf 80' lang='lat' dir='ltr'>tiam3</span> <span class='ocrx_word' id='word_1_11' title='bbox 337 514 502 553; x_wconf 84' lang='lat' dir='ltr'>secus</span> <span class='ocrx_word' id='word_1_12' title='bbox 550 491 624 548; x_wconf 89' lang='lat' dir='ltr'>ad</span> <span class='ocrx_word' id='word_1_13' title='bbox 647 489 883 550; x_wconf 83' lang='lat' dir='ltr'>ordinis</span> <span class='ocrx_word' id='word_1_14' title='bbox 917 490 1282 573; x_wconf 79' lang='lat' dir='ltr'>dignitatem</span> <span class='ocrx_word' id='word_1_15' title='bbox 1302 484 1795 547; x_wconf 83' lang='lat' dir='ltr'>conservandam</span> 
     </span>
     <span class='ocr_line' id='line_1_4' title="bbox 111 573 1792 660; baseline -0.005 -22"><span class='ocrx_word' id='word_1_16' title='bbox 111 585 294 639; x_wconf 86' lang='lat' dir='ltr'>etiam</span> <span class='ocrx_word' id='word_1_17' title='bbox 335 579 563 640; x_wconf 87' lang='lat' dir='ltr'>reditus</span> <span class='ocrx_word' id='word_1_18' title='bbox 619 577 727 636; x_wconf 87' lang='lat' dir='ltr'>tali</span> <span class='ocrx_word' id='word_1_19' title='bbox 775 580 1194 660; x_wconf 80' lang='lat' dir='ltr'>assignantur:</span> <span class='ocrx_word' id='word_1_20' title='bbox 1244 578 1387 636; x_wconf 78' lang='lat' dir='ltr'>Dux</span> <span class='ocrx_word' id='word_1_21' title='bbox 1434 573 1792 657; x_wconf 85' lang='lat' dir='ltr'>supplican-</span> 
     </span>
     <span class='ocr_line' id='line_1_5' title="bbox 115 664 1789 746; baseline -0.006 -20"><span class='ocrx_word' id='word_1_22' title='bbox 115 683 238 726; x_wconf 89' lang='lat' dir='ltr'>tem</span> <span class='ocrx_word' id='word_1_23' title='bbox 271 680 364 726; x_wconf 87' lang='lat' dir='ltr'>ter</span> <span class='ocrx_word' id='word_1_24' title='bbox 394 664 597 746; x_wconf 81' lang='lat' dir='ltr'>gladio</span> <span class='ocrx_word' id='word_1_25' title='bbox 632 664 780 724; x_wconf 80' lang='lat' dir='ltr'>ferit</span> <span class='ocrx_word' id='word_1_26' title='bbox 822 665 1060 725; x_wconf 86' lang='lat' dir='ltr'>dicens:</span> <span class='ocrx_word' id='word_1_27' title='bbox 1108 668 1245 742; x_wconf 82' lang='lat' dir='ltr'>Ego</span> <span class='ocrx_word' id='word_1_28' title='bbox 1284 675 1344 721; x_wconf 81' lang='lat' dir='ltr'>te</span> <span class='ocrx_word' id='word_1_29' title='bbox 1361 665 1547 738; x_wconf 77' lang='lat' dir='ltr'>facio</span> <span class='ocrx_word' id='word_1_30' title='bbox 1587 664 1789 738; x_wconf 72' lang='lat' dir='ltr'>Equi-</span> 
     </span>
     <span class='ocr_line' id='line_1_6' title="bbox 114 751 1794 826; baseline -0.004 -15"><span class='ocrx_word' id='word_1_31' title='bbox 114 767 237 812; x_wconf 82' lang='lat' dir='ltr'>tem</span> <span class='ocrx_word' id='word_1_32' title='bbox 277 755 603 811; x_wconf 70' lang='lat' dir='ltr'>chevalier</span> <span class='ocrx_word' id='word_1_33' title='bbox 647 756 712 811; x_wconf 78' lang='lat' dir='ltr'>in</span> <span class='ocrx_word' id='word_1_34' title='bbox 771 757 1011 812; x_wconf 82' lang='lat' dir='ltr'>nomine</span> <span class='ocrx_word' id='word_1_35' title='bbox 1067 755 1198 811; x_wconf 77' lang='lat' dir='ltr'>Dei</span> <span class='ocrx_word' id='word_1_36' title='bbox 1258 764 1318 810; x_wconf 81' lang='lat' dir='ltr'>et</span> <span class='ocrx_word' id='word_1_37' title='bbox 1380 753 1438 808; x_wconf 85' lang='lat' dir='ltr'>S.</span> <span class='ocrx_word' id='word_1_38' title='bbox 1495 751 1794 826; x_wconf 77' lang='lat' dir='ltr'><em>Georgii,</em></span> 
     </span>
     <span class='ocr_line' id='line_1_7' title="bbox 113 839 1801 916; baseline -0.004 -17"><span class='ocrx_word' id='word_1_39' title='bbox 113 840 497 914; x_wconf 76' lang='lat' dir='ltr'>adfldeliter</span> <span class='ocrx_word' id='word_1_40' title='bbox 519 845 1006 901; x_wconf 78' lang='lat' dir='ltr'>conservandam</span> <span class='ocrx_word' id='word_1_41' title='bbox 1033 842 1249 916; x_wconf 73' lang='lat' dir='ltr'>fidem,</span> <span class='ocrx_word' id='word_1_42' title='bbox 1279 840 1626 912; x_wconf 74' lang='lat' dir='ltr'>justitiam,</span> <span class='ocrx_word' id='word_1_43' title='bbox 1675 839 1801 893; x_wconf 86' lang='lat' dir='ltr'>Ec-</span> 
     </span>
     <span class='ocr_line' id='line_1_8' title="bbox 116 926 1799 1004; baseline -0.003 -19"><span class='ocrx_word' id='word_1_44' title='bbox 116 929 399 1002; x_wconf 68' lang='lat' dir='ltr'>alesiam,</span> <span class='ocrx_word' id='word_1_45' title='bbox 446 932 671 986; x_wconf 69' lang='lat' dir='ltr'>viduas</span> <span class='ocrx_word' id='word_1_46' title='bbox 731 941 792 986; x_wconf 78' lang='lat' dir='ltr'>et</span> <span class='ocrx_word' id='word_1_47' title='bbox 824 932 1121 1004; x_wconf 58' lang='lat' dir='ltr'>pupillos</span> <span class='ocrx_word' id='word_1_48' title='bbox 1171 963 1253 977; x_wconf 87' lang='lat'>--·</span> <span class='ocrx_word' id='word_1_49' title='bbox 1309 926 1617 985; x_wconf 73' lang='lat' dir='ltr'>Tribunus</span> <span class='ocrx_word' id='word_1_50' title='bbox 1665 926 1799 982; x_wconf 76' lang='lat' dir='ltr'>Mi-</span> 
     </span>
     <span class='ocr_line' id='line_1_9' title="bbox 113 1012 1796 1094; baseline -0.002 -21"><span class='ocrx_word' id='word_1_51' title='bbox 113 1017 329 1073; x_wconf 68' lang='lat' dir='ltr'>litari-s</span> <span class='ocrx_word' id='word_1_52' title='bbox 365 1029 608 1074; x_wconf 84' lang='lat' dir='ltr'>creatur</span> <span class='ocrx_word' id='word_1_53' title='bbox 645 1036 724 1074; x_wconf 78' lang='lat' dir='ltr'>ex</span> <span class='ocrx_word' id='word_1_54' title='bbox 770 1019 996 1094; x_wconf 75' lang='lat' dir='ltr'>Equite</span> <span class='ocrx_word' id='word_1_55' title='bbox 1020 1027 1251 1074; x_wconf 72' lang='lat' dir='ltr'>aura-to</span> <span class='ocrx_word' id='word_1_56' title='bbox 1275 1016 1324 1075; x_wconf 90' lang='lat' dir='ltr'>si</span> <span class='ocrx_word' id='word_1_57' title='bbox 1348 1014 1455 1071; x_wconf 88' lang='lat' dir='ltr'>diu</span> <span class='ocrx_word' id='word_1_58' title='bbox 1504 1012 1796 1086; x_wconf 71' lang='lat' dir='ltr'>militam,</span> 
     </span>
     <span class='ocr_line' id='line_1_10' title="bbox 113 1098 1803 1177; baseline -0.002 -18"><span class='ocrx_word' id='word_1_59' title='bbox 113 1100 332 1160; x_wconf 89' lang='lat' dir='ltr'>habeat</span> <span class='ocrx_word' id='word_1_60' title='bbox 374 1116 616 1169; x_wconf 83' lang='lat' dir='ltr'>tantum</span> <span class='ocrx_word' id='word_1_61' title='bbox 655 1102 1004 1177; x_wconf 76' lang='lat' dir='ltr'>redituum,</span> <span class='ocrx_word' id='word_1_62' title='bbox 1052 1114 1123 1161; x_wconf 89' lang='lat' dir='ltr'>ut</span> <span class='ocrx_word' id='word_1_63' title='bbox 1159 1104 1256 1162; x_wconf 84' lang='lat'>50.</span> <span class='ocrx_word' id='word_1_64' title='bbox 1303 1099 1546 1161; x_wconf 87' lang='lat' dir='ltr'>nobiles</span> <span class='ocrx_word' id='word_1_65' title='bbox 1598 1098 1660 1157; x_wconf 81' lang='lat' dir='ltr'>id</span> <span class='ocrx_word' id='word_1_66' title='bbox 1709 1111 1803 1158; x_wconf 87' lang='lat' dir='ltr'>est</span> 
     </span>
     <span class='ocr_line' id='line_1_11' title="bbox 113 1190 1798 1277; baseline -0.002 -30"><span class='ocrx_word' id='word_1_67' title='bbox 113 1212 296 1277; x_wconf 41' lang='lat' dir='ltr'>unaffim</span> <span class='ocrx_word' id='word_1_68' title='bbox 338 1193 624 1249; x_wconf 78' lang='lat' dir='ltr'>Bendam</span> <span class='ocrx_word' id='word_1_69' title='bbox 645 1190 951 1274; x_wconf 81' lang='lat' dir='ltr'>stipendio</span> <span class='ocrx_word' id='word_1_70' title='bbox 971 1190 1136 1249; x_wconf 82' lang='lat' dir='ltr'>alere</span> <span class='ocrx_word' id='word_1_71' title='bbox 1182 1191 1388 1273; x_wconf 85' lang='lat' dir='ltr'><strong>possit.</strong></span> <span class='ocrx_word' id='word_1_72' title='bbox 1437 1191 1620 1247; x_wconf 81' lang='lat' dir='ltr'>Baro</span> <span class='ocrx_word' id='word_1_73' title='bbox 1664 1207 1798 1244; x_wconf 86' lang='lat' dir='ltr'>cre-</span> 
     </span>
     <span class='ocr_line' id='line_1_12' title="bbox 113 1275 1800 1361; baseline -0.001 -27"><span class='ocrx_word' id='word_1_74' title='bbox 113 1279 204 1336; x_wconf 79' lang='lat' dir='ltr'>ari</span> <span class='ocrx_word' id='word_1_75' title='bbox 255 1290 454 1360; x_wconf 87' lang='lat' dir='ltr'>potest</span> <span class='ocrx_word' id='word_1_76' title='bbox 489 1299 567 1338; x_wconf 79' lang='lat' dir='ltr'>ex,</span> <span class='ocrx_word' id='word_1_77' title='bbox 617 1280 844 1361; x_wconf 84' lang='lat' dir='ltr'>Equite</span> <span class='ocrx_word' id='word_1_78' title='bbox 883 1291 1129 1350; x_wconf 79' lang='lat' dir='ltr'>aurato,</span> <span class='ocrx_word' id='word_1_79' title='bbox 1177 1289 1283 1335; x_wconf 87' lang='lat' dir='ltr'>aut</span> <span class='ocrx_word' id='word_1_80' title='bbox 1329 1275 1519 1334; x_wconf 87' lang='lat' dir='ltr'>etiam</span> <span class='ocrx_word' id='word_1_81' title='bbox 1563 1286 1800 1333; x_wconf 84' lang='lat' dir='ltr'>scutato</span> 
     </span>
     <span class='ocr_line' id='line_1_13' title="bbox 112 1361 1801 1448; baseline -0.004 -24"><span class='ocrx_word' id='word_1_82' title='bbox 112 1363 348 1439; x_wconf 85' lang='lat' dir='ltr'>nobili,</span> <span class='ocrx_word' id='word_1_83' title='bbox 394 1368 444 1424; x_wconf 90' lang='lat' dir='ltr'>si</span> <span class='ocrx_word' id='word_1_84' title='bbox 501 1369 564 1424; x_wconf 87' lang='lat' dir='ltr'>in</span> <span class='ocrx_word' id='word_1_85' title='bbox 596 1371 719 1427; x_wconf 86' lang='lat' dir='ltr'>suis</span> <span class='ocrx_word' id='word_1_86' title='bbox 765 1367 1054 1425; x_wconf 88' lang='lat' dir='ltr'>dominiis</span> <span class='ocrx_word' id='word_1_87' title='bbox 1092 1377 1359 1448; x_wconf 89' lang='lat' dir='ltr'>quatuor</span> <span class='ocrx_word' id='word_1_88' title='bbox 1406 1361 1801 1422; x_wconf 81' lang='lat' dir='ltr'>Castellanias</span> 
     </span>
     <span class='ocr_line' id='line_1_14' title="bbox 115 1449 1801 1537; baseline -0.004 -26"><span class='ocrx_word' id='word_1_89' title='bbox 115 1452 453 1536; x_wconf 86' lang='lat' dir='ltr'>possideat,</span> <span class='ocrx_word' id='word_1_90' title='bbox 501 1468 563 1513; x_wconf 92' lang='lat' dir='ltr'>et</span> <span class='ocrx_word' id='word_1_91' title='bbox 608 1453 728 1537; x_wconf 88' lang='lat' dir='ltr'>jam</span> <span class='ocrx_word' id='word_1_92' title='bbox 773 1454 1058 1514; x_wconf 87' lang='lat' dir='ltr'>bellicam</span> <span class='ocrx_word' id='word_1_93' title='bbox 1127 1466 1326 1511; x_wconf 86' lang='lat' dir='ltr'>artem</span> <span class='ocrx_word' id='word_1_94' title='bbox 1373 1449 1801 1533; x_wconf 83' lang='lat' dir='ltr'>profitebatur.</span> 
     </span>
     <span class='ocr_line' id='line_1_15' title="bbox 125 1540 1805 1626; baseline -0.004 -28"><span class='ocrx_word' id='word_1_95' title='bbox 125 1543 386 1599; x_wconf 74' lang='lat' dir='ltr'>Comites</span> <span class='ocrx_word' id='word_1_96' title='bbox 416 1554 557 1600; x_wconf 88' lang='lat' dir='ltr'>sunt</span> <span class='ocrx_word' id='word_1_97' title='bbox 596 1543 853 1626; x_wconf 87' lang='lat' dir='ltr'>triplicis</span> <span class='ocrx_word' id='word_1_98' title='bbox 889 1540 1163 1601; x_wconf 84' lang='lat' dir='ltr'>ordinis:</span> <span class='ocrx_word' id='word_1_99' title='bbox 1233 1542 1318 1599; x_wconf 89' lang='lat' dir='ltr'>uti</span> <span class='ocrx_word' id='word_1_100' title='bbox 1388 1542 1596 1597; x_wconf 79' lang='lat' dir='ltr'>Comes</span> <span class='ocrx_word' id='word_1_101' title='bbox 1637 1540 1805 1596; x_wconf 70' lang='lat' dir='ltr'>limi-</span> 
     </span>
     <span class='ocr_line' id='line_1_16' title="bbox 116 1625 1800 1712; baseline -0.003 -26"><span class='ocrx_word' id='word_1_102' title='bbox 116 1640 367 1705; x_wconf 73' lang='lat' dir='ltr'>tanea3‚</span> <span class='ocrx_word' id='word_1_103' title='bbox 414 1651 519 1690; x_wconf 88' lang='lat' dir='ltr'>seu</span> <span class='ocrx_word' id='word_1_104' title='bbox 560 1633 855 1690; x_wconf 78' lang='lat' dir='ltr'>Marchio</span> <span class='ocrx_word' id='word_1_105' title='bbox 901 1632 1093 1689; x_wconf 86' lang='lat' dir='ltr'>creari</span> <span class='ocrx_word' id='word_1_106' title='bbox 1143 1640 1342 1712; x_wconf 81' lang='lat' dir='ltr'>potest</span> <span class='ocrx_word' id='word_1_107' title='bbox 1389 1629 1440 1685; x_wconf 88' lang='lat' dir='ltr'>si</span> <span class='ocrx_word' id='word_1_108' title='bbox 1487 1625 1636 1684; x_wconf 85' lang='lat' dir='ltr'>duas</span> <span class='ocrx_word' id='word_1_109' title='bbox 1695 1637 1800 1682; x_wconf 87' lang='lat' dir='ltr'>aut</span> 
     </span>
     <span class='ocr_line' id='line_1_17' title="bbox 115 1715 1804 1799; baseline -0.004 -23"><span class='ocrx_word' id='word_1_110' title='bbox 115 1731 239 1776; x_wconf 81' lang='lat' dir='ltr'>tres</span> <span class='ocrx_word' id='word_1_111' title='bbox 280 1719 569 1778; x_wconf 87' lang='lat' dir='ltr'>Baronias</span> <span class='ocrx_word' id='word_1_112' title='bbox 615 1721 680 1778; x_wconf 87' lang='lat' dir='ltr'>in</span> <span class='ocrx_word' id='word_1_113' title='bbox 726 1741 851 1778; x_wconf 89' lang='lat' dir='ltr'>uno</span> <span class='ocrx_word' id='word_1_114' title='bbox 913 1717 1138 1777; x_wconf 87' lang='lat' dir='ltr'>ducatu</span> <span class='ocrx_word' id='word_1_115' title='bbox 1197 1715 1506 1799; x_wconf 87' lang='lat' dir='ltr'>possideat</span> <span class='ocrx_word' id='word_1_116' title='bbox 1533 1759 1547 1787; x_wconf 85' lang='lat'>‚</span> <span class='ocrx_word' id='word_1_117' title='bbox 1595 1736 1629 1771; x_wconf 91' lang='lat' dir='ltr'>a</span> <span class='ocrx_word' id='word_1_118' title='bbox 1693 1734 1804 1771; x_wconf 87' lang='lat' dir='ltr'>suo</span> 
     </span>
     <span class='ocr_line' id='line_1_18' title="bbox 118 1803 1809 1883; baseline -0.003 -21"><span class='ocrx_word' id='word_1_119' title='bbox 118 1803 288 1864; x_wconf 85' lang='lat' dir='ltr'>duce.</span> <span class='ocrx_word' id='word_1_120' title='bbox 331 1807 537 1864; x_wconf 75' lang='lat' dir='ltr'>Comes</span> <span class='ocrx_word' id='word_1_121' title='bbox 576 1809 988 1866; x_wconf 73' lang='lat' dir='ltr'>Provincialis</span> <span class='ocrx_word' id='word_1_122' title='bbox 1007 1809 1414 1883; x_wconf 72' lang='lat' dir='ltr'>Latzclgrave‚</span> <span class='ocrx_word' id='word_1_123' title='bbox 1440 1804 1634 1861; x_wconf 83' lang='lat' dir='ltr'>creari</span> <span class='ocrx_word' id='word_1_124' title='bbox 1670 1812 1809 1883; x_wconf 88' lang='lat' dir='ltr'>pot-</span> 
     </span>
     <span class='ocr_line' id='line_1_19' title="bbox 120 1891 1804 1976; baseline -0.004 -24"><span class='ocrx_word' id='word_1_125' title='bbox 120 1904 228 1966; x_wconf 81' lang='lat' dir='ltr'>est,</span> <span class='ocrx_word' id='word_1_126' title='bbox 274 1895 325 1952; x_wconf 86' lang='lat' dir='ltr'>si</span> <span class='ocrx_word' id='word_1_127' title='bbox 374 1908 643 1976; x_wconf 86' lang='lat' dir='ltr'>quatuor</span> <span class='ocrx_word' id='word_1_128' title='bbox 689 1897 981 1954; x_wconf 85' lang='lat' dir='ltr'>Baronias</span> <span class='ocrx_word' id='word_1_129' title='bbox 1031 1891 1266 1952; x_wconf 87' lang='lat' dir='ltr'>habeat.</span> <span class='ocrx_word' id='word_1_130' title='bbox 1366 1895 1644 1950; x_wconf 69' lang='lat' dir='ltr'>V&#39;icomte</span> <span class='ocrx_word' id='word_1_131' title='bbox 1694 1908 1804 1947; x_wconf 82' lang='lat' dir='ltr'>seu</span> 
     </span>
     <span class='ocr_line' id='line_1_20' title="bbox 118 1978 1800 2065; baseline -0.003 -26"><span class='ocrx_word' id='word_1_132' title='bbox 118 1982 405 2064; x_wconf 79' lang='lat' dir='ltr'>Princeps</span> <span class='ocrx_word' id='word_1_133' title='bbox 446 1982 661 2041; x_wconf 89' lang='lat' dir='ltr'>Comes</span> <span class='ocrx_word' id='word_1_134' title='bbox 694 1984 742 2042; x_wconf 86' lang='lat' dir='ltr'>si</span> <span class='ocrx_word' id='word_1_135' title='bbox 765 1984 1045 2065; x_wconf 84' lang='lat' dir='ltr'>quinque</span> <span class='ocrx_word' id='word_1_136' title='bbox 1076 1982 1367 2041; x_wconf 86' lang='lat' dir='ltr'>Baronias</span> <span class='ocrx_word' id='word_1_137' title='bbox 1390 1990 1609 2040; x_wconf 89' lang='lat' dir='ltr'>teneat.</span> <span class='ocrx_word' id='word_1_138' title='bbox 1657 1978 1800 2036; x_wconf 79' lang='lat' dir='ltr'>Dux</span> 
     </span>
     <span class='ocr_line' id='line_1_21' title="bbox 113 2070 1799 2152; baseline -0.002 -26"><span class='ocrx_word' id='word_1_139' title='bbox 113 2089 190 2126; x_wconf 81' lang='lat' dir='ltr'>ex</span> <span class='ocrx_word' id='word_1_140' title='bbox 234 2070 470 2128; x_wconf 87' lang='lat' dir='ltr'>Comite</span> <span class='ocrx_word' id='word_1_141' title='bbox 495 2071 689 2129; x_wconf 83' lang='lat' dir='ltr'>creari</span> <span class='ocrx_word' id='word_1_142' title='bbox 731 2081 968 2152; x_wconf 79' lang='lat' dir='ltr'>potest,</span> <span class='ocrx_word' id='word_1_143' title='bbox 1014 2070 1063 2131; x_wconf 89' lang='lat' dir='ltr'>si</span> <span class='ocrx_word' id='word_1_144' title='bbox 1107 2073 1170 2130; x_wconf 89' lang='lat' dir='ltr'>in</span> <span class='ocrx_word' id='word_1_145' title='bbox 1195 2089 1384 2151; x_wconf 81' lang='lat' dir='ltr'>regna</span> <span class='ocrx_word' id='word_1_146' title='bbox 1421 2071 1483 2125; x_wconf 88' lang='lat' dir='ltr'>in</span> <span class='ocrx_word' id='word_1_147' title='bbox 1528 2087 1655 2149; x_wconf 90' lang='lat' dir='ltr'>quo</span> <span class='ocrx_word' id='word_1_148' title='bbox 1692 2085 1799 2123; x_wconf 85' lang='lat' dir='ltr'>co-</span> 
     </span>
     <span class='ocr_line' id='line_1_22' title="bbox 113 2156 1800 2241; baseline -0.002 -26"><span class='ocrx_word' id='word_1_149' title='bbox 113 2156 425 2216; x_wconf 82' lang='lat' dir='ltr'>ronandus</span> <span class='ocrx_word' id='word_1_150' title='bbox 478 2170 569 2217; x_wconf 86' lang='lat' dir='ltr'>est</span> <span class='ocrx_word' id='word_1_151' title='bbox 605 2172 871 2241; x_wconf 84' lang='lat' dir='ltr'>quatuor</span> <span class='ocrx_word' id='word_1_152' title='bbox 903 2157 1270 2241; x_wconf 79' lang='lat' dir='ltr'>principales</span> <span class='ocrx_word' id='word_1_153' title='bbox 1312 2158 1635 2218; x_wconf 81' lang='lat' dir='ltr'>comitatus</span> <span class='ocrx_word' id='word_1_154' title='bbox 1658 2173 1800 2236; x_wconf 88' lang='lat' dir='ltr'>pos-</span> 
     </span>
     <span class='ocr_line' id='line_1_23' title="bbox 121 2241 1806 2327; baseline -0.002 -24"><span class='ocrx_word' id='word_1_155' title='bbox 121 2242 347 2318; x_wconf 81' lang='lat' dir='ltr'>sideat,</span> <span class='ocrx_word' id='word_1_156' title='bbox 410 2258 471 2303; x_wconf 87' lang='lat' dir='ltr'>et</span> <span class='ocrx_word' id='word_1_157' title='bbox 517 2247 579 2303; x_wconf 90' lang='lat' dir='ltr'>in</span> <span class='ocrx_word' id='word_1_158' title='bbox 627 2245 910 2327; x_wconf 89' lang='lat' dir='ltr'>quolibet</span> <span class='ocrx_word' id='word_1_159' title='bbox 955 2243 1178 2305; x_wconf 86' lang='lat' dir='ltr'>horum</span> <span class='ocrx_word' id='word_1_160' title='bbox 1246 2241 1466 2304; x_wconf 87' lang='lat' dir='ltr'>habeat</span> <span class='ocrx_word' id='word_1_161' title='bbox 1534 2255 1806 2325; x_wconf 85' lang='lat' dir='ltr'>quatuor</span> 
     </span>
     <span class='ocr_line' id='line_1_24' title="bbox 121 2333 1813 2393; baseline -0.003 -2"><span class='ocrx_word' id='word_1_162' title='bbox 121 2333 413 2392; x_wconf 78' lang='lat' dir='ltr'>Bar-onias</span> <span class='ocrx_word' id='word_1_163' title='bbox 447 2333 565 2392; x_wconf 86' lang='lat' dir='ltr'>sibi</span> <span class='ocrx_word' id='word_1_164' title='bbox 606 2333 888 2392; x_wconf 85' lang='lat' dir='ltr'>clientela</span> <span class='ocrx_word' id='word_1_165' title='bbox 926 2333 1283 2393; x_wconf 85' lang='lat' dir='ltr'>obstrictos:</span> <span class='ocrx_word' id='word_1_166' title='bbox 1331 2344 1666 2393; x_wconf 84' lang='lat' dir='ltr'>coronatur</span> <span class='ocrx_word' id='word_1_167' title='bbox 1703 2352 1813 2388; x_wconf 81' lang='lat' dir='ltr'>au-</span> 
     </span>
     <span class='ocr_line' id='line_1_25' title="bbox 122 2418 1810 2506; baseline -0.001 -30"><span class='ocrx_word' id='word_1_168' title='bbox 122 2431 247 2478; x_wconf 89' lang='lat' dir='ltr'>tem</span> <span class='ocrx_word' id='word_1_169' title='bbox 292 2445 326 2479; x_wconf 89' lang='lat' dir='ltr'>a</span> <span class='ocrx_word' id='word_1_170' title='bbox 372 2423 541 2503; x_wconf 80' lang='lat' dir='ltr'>Rege</span> <span class='ocrx_word' id='word_1_171' title='bbox 598 2421 696 2480; x_wconf 82' lang='lat' dir='ltr'>vel</span> <span class='ocrx_word' id='word_1_172' title='bbox 738 2426 1123 2506; x_wconf 80' lang='lat' dir='ltr'>Imperatore</span> <span class='ocrx_word' id='word_1_173' title='bbox 1164 2424 1263 2480; x_wconf 85' lang='lat' dir='ltr'>cui</span> <span class='ocrx_word' id='word_1_174' title='bbox 1329 2418 1640 2500; x_wconf 85' lang='lat' dir='ltr'>subjectus</span> <span class='ocrx_word' id='word_1_175' title='bbox 1687 2429 1810 2491; x_wconf 73' lang='lat' dir='ltr'>est,</span> 
     </span>
     <span class='ocr_line' id='line_1_26' title="bbox 119 2507 1809 2594; baseline -0.001 -29"><span class='ocrx_word' id='word_1_176' title='bbox 119 2507 345 2569; x_wconf 87' lang='lat' dir='ltr'>Galero</span> <span class='ocrx_word' id='word_1_177' title='bbox 392 2512 738 2591; x_wconf 79' lang='lat' dir='ltr'>margaritis</span> <span class='ocrx_word' id='word_1_178' title='bbox 774 2523 834 2570; x_wconf 87' lang='lat' dir='ltr'>et</span> <span class='ocrx_word' id='word_1_179' title='bbox 868 2512 1124 2594; x_wconf 83' lang='lat' dir='ltr'>gemmis</span> <span class='ocrx_word' id='word_1_180' title='bbox 1145 2522 1441 2568; x_wconf 75' lang='lat' dir='ltr'>exornato</span> <span class='ocrx_word' id='word_1_181' title='bbox 1492 2510 1550 2567; x_wconf 87' lang='lat' dir='ltr'>in</span> <span class='ocrx_word' id='word_1_182' title='bbox 1577 2507 1809 2590; x_wconf 81' lang='lat' dir='ltr'>praeci-</span> 
     </span>
     <span class='ocr_line' id='line_1_27' title="bbox 121 2598 1803 2680; baseline -0.001 -28"><span class='ocrx_word' id='word_1_183' title='bbox 121 2617 242 2677; x_wconf 91' lang='lat' dir='ltr'>pua</span> <span class='ocrx_word' id='word_1_184' title='bbox 287 2619 393 2656; x_wconf 86' lang='lat' dir='ltr'>sua</span> <span class='ocrx_word' id='word_1_185' title='bbox 429 2598 621 2658; x_wconf 87' lang='lat' dir='ltr'>Urbe.</span> <span class='ocrx_word' id='word_1_186' title='bbox 650 2634 732 2642; x_wconf 89' lang='lat'>—-</span> <span class='ocrx_word' id='word_1_187' title='bbox 757 2600 894 2658; x_wconf 75' lang='lat' dir='ltr'>Rex</span> <span class='ocrx_word' id='word_1_188' title='bbox 954 2600 1152 2657; x_wconf 84' lang='lat' dir='ltr'>creari</span> <span class='ocrx_word' id='word_1_189' title='bbox 1198 2610 1399 2680; x_wconf 87' lang='lat' dir='ltr'>potest</span> <span class='ocrx_word' id='word_1_190' title='bbox 1444 2600 1494 2656; x_wconf 88' lang='lat' dir='ltr'>si</span> <span class='ocrx_word' id='word_1_191' title='bbox 1533 2605 1803 2677; x_wconf 85' lang='lat' dir='ltr'>quatuor</span> 
     </span>
     <span class='ocr_line' id='line_1_28' title="bbox 125 2683 1803 2767; baseline -0.002 -25"><span class='ocrx_word' id='word_1_192' title='bbox 125 2684 394 2744; x_wconf 86' lang='lat' dir='ltr'>Ducatus</span> <span class='ocrx_word' id='word_1_193' title='bbox 428 2685 546 2744; x_wconf 86' lang='lat' dir='ltr'>sibi</span> <span class='ocrx_word' id='word_1_194' title='bbox 579 2684 883 2767; x_wconf 86' lang='lat' dir='ltr'>subjectos</span> <span class='ocrx_word' id='word_1_195' title='bbox 909 2683 1150 2759; x_wconf 76' lang='lat' dir='ltr'>habeat,</span> <span class='ocrx_word' id='word_1_196' title='bbox 1186 2689 1331 2744; x_wconf 86' lang='lat' dir='ltr'>etin</span> <span class='ocrx_word' id='word_1_197' title='bbox 1372 2684 1626 2766; x_wconf 81' lang='lat' dir='ltr'>singulis</span> <span class='ocrx_word' id='word_1_198' title='bbox 1652 2703 1803 2762; x_wconf 83' lang='lat' dir='ltr'>qua-</span> 
     </span>
     <span class='ocr_line' id='line_1_29' title="bbox 124 2767 1806 2854; baseline -0.002 -26"><span class='ocrx_word' id='word_1_199' title='bbox 124 2783 268 2829; x_wconf 87' lang='lat' dir='ltr'>tuor</span> <span class='ocrx_word' id='word_1_200' title='bbox 309 2773 581 2831; x_wconf 85' lang='lat' dir='ltr'>civitates</span> <span class='ocrx_word' id='word_1_201' title='bbox 621 2776 749 2853; x_wconf 85' lang='lat' dir='ltr'>ipse</span> <span class='ocrx_word' id='word_1_202' title='bbox 797 2772 1133 2854; x_wconf 72' lang='lat' dir='ltr'>possideat,</span> <span class='ocrx_word' id='word_1_203' title='bbox 1183 2771 1528 2853; x_wconf 88' lang='lat' dir='ltr'>habeatque</span> <span class='ocrx_word' id='word_1_204' title='bbox 1571 2767 1806 2828; x_wconf 87' lang='lat' dir='ltr'>Archi—</span> 
     </span>
     <span class='ocr_line' id='line_1_30' title="bbox 121 2858 1810 2942; baseline -0.001 -26"><span class='ocrx_word' id='word_1_205' title='bbox 121 2861 575 2940; x_wconf 82' lang='lat' dir='ltr'>episeopatum‚</span> <span class='ocrx_word' id='word_1_206' title='bbox 626 2872 688 2920; x_wconf 91' lang='lat' dir='ltr'>et</span> <span class='ocrx_word' id='word_1_207' title='bbox 728 2862 842 2918; x_wconf 88' lang='lat' dir='ltr'>sub</span> <span class='ocrx_word' id='word_1_208' title='bbox 892 2883 965 2919; x_wconf 87' lang='lat' dir='ltr'>eo</span> <span class='ocrx_word' id='word_1_209' title='bbox 1011 2860 1221 2920; x_wconf 84' lang='lat' dir='ltr'>decem</span> <span class='ocrx_word' id='word_1_210' title='bbox 1269 2860 1619 2942; x_wconf 86' lang='lat' dir='ltr'>provincias</span> <span class='ocrx_word' id='word_1_211' title='bbox 1659 2858 1810 2939; x_wconf 85' lang='lat' dir='ltr'>Epi-</span> 
     </span>
     <span class='ocr_line' id='line_1_31' title="bbox 125 2945 1812 3029; baseline 0.001 -26"><span class='ocrx_word' id='word_1_212' title='bbox 125 2945 428 3027; x_wconf 76' lang='lat' dir='ltr'>scopale83</span> <span class='ocrx_word' id='word_1_213' title='bbox 497 2947 726 3029; x_wconf 87' lang='lat' dir='ltr'>quibus</span> <span class='ocrx_word' id='word_1_214' title='bbox 795 2947 1195 3028; x_wconf 79' lang='lat' dir='ltr'>dignitatibus</span> <span class='ocrx_word' id='word_1_215' title='bbox 1258 2957 1509 3005; x_wconf 86' lang='lat' dir='ltr'>ornatus</span> <span class='ocrx_word' id='word_1_216' title='bbox 1553 2947 1812 3028; x_wconf 80' lang='lat' dir='ltr'>Regiam</span> 
     </span>
     <span class='ocr_line' id='line_1_32' title="bbox 126 3028 1812 3118; baseline 0.002 -29"><span class='ocrx_word' id='word_1_217' title='bbox 126 3030 494 3115; x_wconf 75' lang='lat' dir='ltr'>dignitatem</span> <span class='ocrx_word' id='word_1_218' title='bbox 532 3055 837 3096; x_wconf 84' lang='lat' dir='ltr'>assumere</span> <span class='ocrx_word' id='word_1_219' title='bbox 885 3048 1100 3118; x_wconf 82' lang='lat' dir='ltr'>potest.</span> <span class='ocrx_word' id='word_1_220' title='bbox 1191 3035 1481 3098; x_wconf 79' lang='lat' dir='ltr'>Ceterum</span> <span class='ocrx_word' id='word_1_221' title='bbox 1533 3028 1680 3093; x_wconf 84' lang='lat' dir='ltr'>haec</span> <span class='ocrx_word' id='word_1_222' title='bbox 1711 3054 1812 3094; x_wconf 85' lang='lat' dir='ltr'>re-</span> 
     </span>
     <span class='ocr_line' id='line_1_33' title="bbox 1639 3143 1729 3202; baseline 0.033 -25"><span class='ocrx_word' id='word_1_223' title='bbox 1639 3143 1729 3202; x_wconf 73' lang='lat' dir='ltr'>gis</span> 
     </span>
    </p>
   </div>
  </div>
 </body>
</html>
