1940 3672
504 251 826 307 Gallorum
865 253 925 301 et
970 243 1373 302 Francorum.
1582 243 1660 300 85

84 433 219 487 rius
262 425 725 510 Imperatoriam
757 419 1123 502 dignitatem
1155 441 1294 478 cum
1336 414 1541 493 Italia,
1586 418 1752 476 Bur-—

79 516 304 590 cundia
346 529 406 574 et
458 511 769 570 Austrasia
809 510 1152 581 retineret3
1200 509 1552 564 Ludovicus
1600 506 1759 565 alter

80 581 239 662 iilius
285 615 473 660 totam
512 597 905 656 Germaniam
946 593 1278 667 obtineret,
1323 595 1582 651 Carolus
1617 595 1763 651 Cal-s

78 713 192 748 vus
238 707 388 747 vero
429 685 713 742 minimus
741 681 898 741 filius
936 683 1226 762 Regnum
1271 680 1318 738 F
1325 682 1565 740 ranciae
1598 681 1759 739 acci-

81 760 270 858 peret.
314 773 526 853 Atque
571 768 718 830 haec
765 772 1176 851 inexspectata
1235 770 1486 851 Imperii
1531 767 1757 827 divisio

80 881 255 921 causa
299 860 490 918 evasit
548 860 959 916 maximarum
1022 858 1481 939 insequentium
1533 859 1756 917 turba-

80 967 254 1020 rum,
303 946 526 1028 quibus
569 944 996 1005 funestissimis
1039 944 1329 1003 caedibus
1375 945 1594 1025 agitari
1620 967 1764 1007 coe-

75 1038 168 1118 pit
202 1035 563 1092 Francicum
601 1033 977 1115 Imperium3
1025 1055 1058 1089 a
1097 1054 1222 1113 quo
1259 1030 1510 1091 demum
1556 1034 1761 1111 Impe-

79 1125 328 1179 ratoria
368 1123 642 1198 dignitas
668 1119 758 1178 ad
821 1120 1217 1178 Germaniam
1277 1118 1565 1177 translata
1609 1121 1759 1181 fuit:

76 1206 199 1268 inso
241 1212 369 1292 ipsa
409 1210 592 1268 etiam
627 1212 836 1285 Regia
874 1211 1267 1264 Francorum
1291 1210 1567 1283 dignitas
1586 1231 1760 1268 mor-

74 1310 180 1355 tuo
225 1299 285 1355 in
319 1316 566 1356 carcere
604 1298 917 1354 Ludovico
963 1298 1205 1373 Ignavo
1249 1295 1468 1352 ultimo
1507 1297 1766 1355 eCaro-

72 1383 291 1465 lingica
326 1387 520 1468 stirpe
555 1384 728 1466 Rege
753 1430 768 1457 ,
800 1384 877 1443 ad
923 1406 1148 1444 novam
1208 1379 1509 1442 familiam
1567 1386 1766 1463 Cape-

71 1475 373 1551 tingicam
400 1518 415 1547 ,
455 1474 532 1532 ab
588 1475 860 1550 Hugone
906 1475 1138 1548 Capeto
1179 1472 1264 1531 sic
1298 1473 1525 1532 dictam
1565 1486 1764 1532 trans-

72 1558 190 1618 lata
231 1575 358 1635 est,
406 1584 440 1619 a
481 1561 626 1621 987.
666 1582 825 1643 quae
869 1558 1096 1619 familia
1157 1556 1290 1642 jure
1338 1558 1761 1621 haereditario

68 1646 145 1705 ad
190 1663 464 1731 posteros
504 1652 761 1732 Regiam
801 1648 1161 1731 dignitatem
1197 1650 1537 1709 transmisit
1563 1671 1767 1730 usque

68 1735 147 1794 ad
198 1740 491 1796 Carolum
531 1738 637 1796 IV.
677 1738 788 1819 qui
828 1749 964 1797 erat
987 1736 1240 1797 ultimus
1285 1736 1363 1797 de
1398 1739 1592 1819 stirpe
1640 1741 1761 1796 Ca·

57 1835 339 1902 petana:
384 1840 522 1908 post
567 1823 739 1904 cujus
777 1825 1020 1884 obitum
1045 1824 1590 1885 funestissimarum
1616 1847 1759 1887 cae-

76 1912 248 1969 dium
291 1910 602 1972 theatrum
642 1914 839 1973 evasit
881 1912 1111 1987 Gallia3
1150 1936 1293 1972 nam
1339 1914 1418 1975 de
1457 1913 1757 1974 obtinen—

72 2000 153 2059 do
209 2023 400 2082 regno
452 2001 750 2062 Francico
795 2002 1097 2063 acerrime
1144 2004 1307 2062 inter
1363 2025 1425 2064 se
1478 2001 1762 2062 decerta-

75 2088 222 2146 bant
275 2091 604 2165 Philippus
656 2092 983 2164 Valesius,
1047 2092 1329 2166 Philippi
1373 2093 1635 2150 Pulchri
1678 2115 1757 2153 ex

78 2175 271 2235 fratre
311 2198 499 2259 nepos
526 2223 540 2250 ,
589 2179 734 2237 item
777 2179 1118 2236 Eduardus
1151 2177 1255 2235 ΙΙΙ.
1301 2178 1562 2262 Angliae
1603 2180 1762 2252 Rex,

77 2263 290 2324 itidem
328 2267 603 2342 Philippi
639 2265 899 2323 Pulchri
941 2287 1017 2325 ex
1056 2265 1179 2324 filia
1219 2288 1426 2350 nepos,
1473 2266 1585 2328 Ille
1611 2270 1766 2326 Phi-

72 2354 276 2427 lippus
324 2355 615 2411 Valesius
662 2351 830 2434 juxta
878 2357 1073 2432 legem
1140 2358 1399 2414 salicam
1458 2355 1552 2439 jus
1624 2378 1764 2417 suc-

69 2442 356 2500 cessionis
402 2439 478 2499 ad
517 2463 580 2501 se
613 2439 974 2525 pertrahere
1008 2442 1343 2516 nitebatur,
1378 2467 1505 2526 qua
1544 2465 1762 2505 secun-

69 2525 218 2585 dum
260 2529 481 2587 malam
527 2528 971 2590 nonnullorum
1039 2532 1618 2613 interpretationem
1672 2553 1765 2595 se—

71 2635 184 2674 xus
238 2618 489 2697 sequior
535 2640 568 2675 a
615 2620 995 2678 successione
1069 2619 1513 2680 excludebatur
1595 2621 1762 2698 (ubi

69 2712 274 2762 tamen
306 2703 405 2764 lex
428 2705 608 2764 salica
626 2727 751 2764 non
770 2704 844 2766 de
868 2708 1035 2787 regia
1054 2711 1454 2781 successione,
1505 2710 1629 2767 imo
1649 2731 1765 2770 nec

74 2786 151 2849 de
168 2788 378 2865 feudis,
405 2791 508 2852 sed
523 2791 599 2850 de
616 2794 862 2875 privato
882 2807 1118 2852 tantum
1138 2797 1604 2878 patrimonio‚in
1620 2817 1764 2882 spe-

67 2877 164 2936 cie
183 2874 258 2937 de
275 2877 509 2939 allodiis
527 2881 855 2938 constituta
872 2879 1612 2960 suitAuctoreSalagasto
1633 2907 1760 2944 uno

70 2985 105 3022 e
132 2967 492 3047 proceribus
529 2969 700 3047 regni
732 3012 744 3035 ‚
779 2991 810 3025 a
838 2966 1014 3047 cujus
1057 2972 1309 3031 nomine
1333 2975 1530 3029 salica
1548 2974 1644 3031 lex
1663 2971 1758 3031 di-

66 3065 165 3112 cta
202 3054 352 3134 est.)
398 3055 517 3115 Hic
557 3077 778 3140 nempe
815 3058 1156 3116 Eduarclus
1198 3058 1303 3117 111.
1329 3062 1758 3145 ,propinquio-

861 3147 920 3221 f
954 3149 987 3206 2
1534 3170 1669 3210 rem
