1940 3672
254 218 333 277 54
771 222 1206 279 Historia

158 394 387 457 cillimo
421 397 692 481 Imperio
723 399 1087 481 gravissime
1112 398 1307 480 pressi
1340 417 1466 457 non
1514 394 1702 454 modo
1734 395 1839 478 ju-

157 505 307 567 gum
356 485 776 567 Hispanorum
816 484 983 545 ferre
1029 485 1342 546 debebant
1368 529 1383 559 ‚
1445 482 1548 544 sed
1589 486 1842 567 insuper

167 574 354 631 etiam
391 572 605 653 Belgas
641 574 702 631 in
726 595 787 633 se
834 576 1225 632 concitarunt
1256 594 1398 632 cum
1432 573 1703 631 maximo
1746 595 1847 632 re·-

160 682 303 718 rum
335 681 586 718 suarum
621 659 1026 735 detriment03
1073 661 1293 742 Belgae
1318 663 1482 720 enim
1506 660 1845 719 observan-

159 760 249 807 tes
284 768 468 806 omne
501 769 534 804 a
575 748 862 822 Philippo
907 748 995 804 II.
1044 747 1409 829 Portugallis
1445 746 1848 807 interdictum

163 855 290 895 esse
329 836 772 893 commercium
797 879 813 908 ,
859 855 1010 892 mox
1044 834 1155 894 soli
1211 837 1549 894 maritimas
1587 834 1848 917 expedi—

160 925 358 982 tiones
401 923 464 980 in
507 922 810 981 orientem
851 934 1297 1004 susceperunt3
1343 944 1471 1005 quo
1506 922 1666 982 facto
1701 944 1845 982 cum

159 1008 551 1091 irreperabili
598 1008 824 1069 damno
857 1031 1043 1068 omne
1078 1012 1526 1070 commercium
1562 1010 1844 1069 Indicum

159 1096 239 1156 ad
276 1097 535 1157 Batavos
584 1100 871 1157 transivit
895 1143 911 1172 ‚
966 1096 1075 1158 ubi
1114 1099 1177 1155 in
1224 1095 1388 1156 hunc
1430 1119 1623 1179 usque
1662 1097 1848 1171 diem,

160 1205 304 1244 cum
361 1207 581 1267 magna
647 1188 925 1267 gentium
983 1184 1220 1244 invidia
1264 1183 1460 1245 floret.
1502 1187 1640 1257 Quo
1682 1187 1745 1243 in
1772 1185 1850 1243 ΙΙ.

161 1284 341 1332 stata
393 1277 746 1352 Portagalli
779 1271 993 1356 jugum
1039 1275 1465 1357 Hispanorum
1502 1272 1850 1333 tolerarunt

165 1363 265 1423 62.
314 1363 521 1435 annisi,
565 1383 789 1446 nempe
843 1361 924 1420 ab
959 1384 1121 1421 anno
1177 1362 1361 1422 1578.
1409 1383 1606 1442 usque
1642 1360 1718 1420 ad
1754 1384 1848 1418 an.

163 1451 348 1510 1640.
395 1470 522 1531 quo
557 1471 819 1533 regnum
854 1451 1092 1508 avitum
1114 1447 1360 1509 tandem
1392 1448 1663 1509 obtinuit
1707 1449 1852 1507 Dux

158 1538 524 1620 Bragantiae
563 1540 828 1597 Jocmnes
875 1540 993 1593 IV.
1085 1537 1202 1595 sub
1244 1559 1372 1619 quo
1411 1540 1660 1595 Tertius
1704 1540 1852 1594 Sta-

159 1636 261 1682 tas
327 1628 595 1683 Formae
648 1627 997 1704 Regiminis
1073 1626 1290 1709 incipit
1341 1627 1407 1683 in
1477 1625 1848 1707 Por-tugallia

159 1712 238 1771 ab
287 1734 383 1771 an.
434 1716 620 1775 1640.
668 1737 702 1771 a
754 1735 881 1796 quo
919 1716 1328 1791 Bragantica
1392 1715 1635 1770 Domus
1669 1734 1852 1773 coro-

154 1823 299 1858 nam
341 1813 510 1861 tenet
560 1804 624 1859 in
679 1801 1055 1881 Portugallia
1101 1802 1167 1879 a)
1216 1803 1280 1858 in
1321 1798 1483 1857 hunc
1521 1822 1716 1882 usque
1758 1800 1854 1859 di-

159 1911 273 1947 em.
323 1889 453 1948 Sub
490 1889 720 1971 quibus
776 1888 1026 1970 regibus
1076 1889 1221 1948 licet
1272 1887 1646 1969 Portugallia
1687 1891 1852 1949 inter

163 1977 446 2060 Europae
485 2000 676 2059 regna
705 1979 957 2035 minima
990 1975 1292 2037 censenda
1329 1979 1441 2050 sit,
1488 1975 1724 2035 divitiis
1765 1992 1855 2036 ta«

164 2087 306 2123 men
350 2079 412 2125 et
453 2065 678 2148 opibus
715 2063 871 2123 nulli
915 2064 1119 2136 cedit‚·
1168 2079 1428 2147 quantas
1461 2067 1627 2124 enim
1668 2086 1848 2147 opeS‚

161 2155 528 2213 commercia
595 2176 708 2236 per
760 2152 1001 2212 Indiam
1061 2155 1475 2227 Orientalem‚
1532 2155 1852 2213 Brasiiiam

165 2254 226 2299 et
264 2240 376 2299 alia
415 2241 666 2300 Africae
699 2241 831 2301 loca
863 2241 1213 2301 exercendo
1253 2246 1368 2305 sibi
1393 2256 1851 2325 compararunt,

163 2328 264 2387 vel
299 2351 375 2387 ex
419 2351 491 2388 eo
525 2342 724 2412 patet2
776 2328 946 2411 quod
982 2344 1232 2388 mortuo
1287 2336 1525 2392 ,Ioanne
1551 2331 1668 2387 IV.
1715 2345 1854 2413 post

165 2429 547 2476 sumtuosum
587 2418 770 2476 etiam
809 2430 871 2476 et
909 2416 1275 2479 diuturnum
1310 2416 1543 2483 bellum
1569 2438 1710 2475 cum
1734 2419 1850 2477 Hi-

170 2508 372 2586 spanis
413 2519 692 2587 gestum,
736 2518 937 2565 tamen
995 2507 1056 2565 in
1097 2512 1338 2571 aerario
1388 2505 1486 2572 56.
1541 2505 1850 2566 milliones

1570 2593 1761 2654 relin-

239 2800 313 2873 a)
384 2803 513 2855 Jura
543 2804 856 2872 Bragantica
904 2804 1149 2857 defendit
1190 2804 1475 2858 Caramuel
1514 2802 1581 2854 de
1630 2800 1853 2854 Lobko-

328 2873 472 2929 vitz,
511 2873 567 2924 in
603 2874 805 2926 Joanne
842 2877 1185 2946 ssragantino.
1233 2876 1460 2927 Lovanii
1500 2871 1648 2926 1642.
1687 2873 1743 2923 in
1796 2870 1849 2924 4.

327 2944 461 2994 Item
500 2946 681 2996 Anton
720 2945 784 2995 de
806 2946 975 2998 Sousa
1008 2948 1063 2998 in
1096 2947 1371 2999 Lusitania
1407 2945 1659 2997 liberata.
1701 2943 1853 2994 Lon-

329 3014 447 3064 dini
488 3012 637 3066 1645.
694 3013 791 3066 fol.
831 3016 1045 3068 Flavius
1095 3017 1344 3069 Velascus
1391 3016 1696 3070 GoveanUS.
1750 3028 1852 3083 Pl'O

330 3084 457 3134 „lure
492 3084 713 3138 Joannis
752 3086 839 3139 IV.
876 3086 1253 3159 Olyssiponae.
1295 3085 1446 3140 1645.
1485 3083 1582 3137 fol.
