1940 3672
271 119 392 179 552
796 122 1242 181 Historca

181 296 384 372 Asiae,
422 308 621 356 tractu
657 296 766 377 qui
809 292 993 355 hodie
1025 298 1328 381 Georgiae
1373 313 1435 360 et
1478 301 1862 363 Turcoman-

176 387 311 446 niae
346 386 595 444 nomine
634 384 839 460 venit,
878 381 940 440 hi
966 399 1292 468 postquam
1330 392 1501 450 varia
1539 389 1697 448 bella
1724 414 1866 452 cum

174 475 492 533 Saracenis
540 473 893 554 gessissent,
952 473 1200 535 tandem
1252 481 1317 536 in
1370 501 1555 538 unam
1618 492 1865 560 gentem

175 562 541 623 coaluerunt
584 572 646 619 et
681 561 1095 621 vastissimum
1144 566 1479 648 imperium
1526 570 1864 628 successive

172 649 514 709 fundarunt
539 694 553 723 ,
590 658 650 707 et
689 670 887 729 quum
908 652 1304 712 Mahomedis
1336 654 1684 714 doctrinam
1709 654 1857 715 ado-

171 750 444 822 ptassent
492 758 555 796 se
592 738 753 819 ipsos
785 739 1260 798 Masalmamzos
1304 742 1365 802 id
1414 756 1503 803 est
1536 746 1860 802 circumci-

172 850 305 901 808,
351 824 452 885 vel
491 824 663 908 juxta
718 825 868 885 alios
915 838 1082 884 recte
1147 835 1459 889 credentes
1523 844 1865 908 vocarunt,

175 917 417 973 ancae
464 916 630 974 enim
688 914 990 996 appellari
1042 914 1298 991 nolunt,
1338 921 1486 1000 quia
1536 933 1864 980 contume-

167 1002 390 1063 liosum
436 1025 662 1062 nomen
698 1023 825 1062 esse
855 1017 1093 1086 putant.
1186 1006 1476 1067 Ceterum
1524 1011 1864 1068 successive

168 1095 497 1173 utriusque
534 1093 729 1173 gentis
772 1092 1104 1174 imperium
1164 1095 1229 1151 in
1284 1097 1480 1155 varias
1541 1096 1864 1176 Dynastias

151 1179 291 1248 ,fuit
320 1179 625 1251 divisum,
675 1180 838 1239 inter
880 1203 1036 1262 quos
1087 1180 1386 1262 Dynastas
1449 1186 1865 1244 nominatissi-

164 1288 305 1328 mus
344 1280 476 1328 erat
516 1272 947 1343 OttomannnS,
995 1267 1170 1352 cujus
1208 1274 1701 1353 potentissimum
1733 1274 1864 1331 Im-

167 1359 416 1440 perium
454 1358 654 1415 varias
723 1359 1077 1439 provincias
1122 1359 1441 1442 Europae,
1500 1358 1750 1420 Africae
1803 1373 1866 1420 et

166 1448 350 1505 Asiae
406 1447 469 1503 in
502 1441 872 1505 hodiernum
913 1468 1109 1528 usque
1172 1445 1337 1506 diem
1387 1447 1861 1531 complectitur3

166 1548 230 1595 et
261 1531 516 1617 quidem
540 1535 603 1591 in
637 1534 886 1615 Europa
925 1533 1286 1595 extenditur
1317 1557 1512 1617 usque
1546 1535 1623 1593 ad
1657 1538 1860 1596 sinum

163 1625 352 1681 maris
406 1621 757 1697 Adriatici,
803 1642 970 1682 mare
1004 1622 1337 1704 Aegaeum,
1388 1623 1858 1705 Propontidem,

163 1711 495 1771 Tauricam
539 1708 1003 1784 Chersonesum,
1048 1723 1109 1769 et
1162 1708 1538 1783 Valachiam,
1588 1712 1735 1770 item
1781 1711 1859 1778 ad

161 1799 389 1861 fluenta
424 1797 699 1857 Danubii
749 1795 826 1856 ad
864 1795 1252 1881 Belgmdum.
1303 1803 1374 1857 In
1414 1797 1623 1858 Africa
1668 1798 1857 1860 habet

160 1890 365 1947 Turca
409 1889 765 1946 universam
827 1908 1004 1947 oram
1062 1888 1440 1946 maritimam
1493 1888 1568 1946 ab
1621 1887 1855 1970 oppido

157 1978 362 2034 Bellis
393 1978 466 2032 de
519 1979 782 2034 Gomera
826 1996 1023 2057 usque
1067 1974 1144 2033 ad
1205 1998 1376 2036 mare
1430 1976 1712 2036 rubrum.
1775 1978 1850 2036 In

154 2063 304 2123 Asia
343 2066 530 2124 etiam
582 2086 768 2146 quam
820 2063 1108 2125 latissime
1166 2087 1228 2124 se
1287 2063 1583 2124 extendit.
1650 2064 1850 2145 Regio

159 2154 426 2211 maxima
470 2175 548 2212 ex
585 2167 764 2235 parte
808 2151 1102 2217 frumenti
1142 2155 1549 2235 omniumque
1590 2151 1853 2234 legumi-

158 2263 310 2299 num
363 2240 610 2314 fertilis,
653 2240 924 2300 abundat
971 2241 1099 2301 lino
1150 2255 1212 2300 et
1260 2243 1584 2324 gossypio,
1644 2242 1854 2302 vineas

160 2351 421 2411 quoque
457 2327 640 2390 habet
693 2344 753 2389 et
803 2329 1043 2388 fructus
1076 2329 1181 2389 sed
1241 2352 1364 2388 non
1409 2333 1473 2387 in
1530 2330 1700 2389 omni
1749 2352 1852 2390 re-

159 2419 382 2499 gione,
429 2431 497 2475 ut
537 2420 597 2476 in
646 2418 1030 2502 Cappadocia
1064 2432 1125 2478 et
1179 2417 1474 2480 Armenia
1526 2417 1610 2477 ob
1648 2419 1848 2476 inten-

158 2527 295 2568 sum
326 2504 545 2588 frigus:
594 2504 780 2566 habet
817 2521 878 2567 et
898 2505 1133 2566 fodinas
1169 2508 1340 2579 auri,
1375 2508 1637 2588 argenti,
1671 2504 1844 2581 ferri,

154 2595 315 2656 aeris
371 2609 433 2655 et
484 2594 806 2665 aluminiS,
854 2617 1139 2678 magnam
1198 2597 1440 2678 copiam
1495 2591 1844 2677 pecudum,

156 2682 575 2755 camelorum,
632 2683 980 2755 mulorum,
1031 2685 1177 2766 equi
1219 2694 1361 2743 sunt
1406 2682 1697 2743 celebres
1769 2683 1844 2741 In

151 2770 246 2831 his
280 2769 624 2832 ditionibus
669 2786 941 2854 quatuor
979 2770 1164 2834 habet
1208 2770 1697 2854 opulentissimas
1738 2794 1844 2829 ur-

151 2861 260 2921 bes
309 2862 400 2918 uti
457 2862 1081 2938 Constantinopolim,
1135 2864 1390 2919 Cairam
1416 2906 1430 2935 ,
1479 2861 1750 2936 Alepnrn
1782 2871 1844 2919 et

160 2950 537 3015 Tauri-sium.
585 2948 1147 3040 Constantinopolis
1188 2963 1256 3013 ut
1285 2947 1436 3013 olim
1469 2948 1584 3015 sub
1607 2947 1843 3020 GraciS,

1670 3038 1756 3104 ita
