1940 3672
283 142 410 205 586
837 144 1283 204 Historia

182 327 382 413 gentis
403 373 425 403 ,
455 348 524 388 ac
558 326 740 411 proin
776 335 1007 387 mutata
1029 328 1228 409 gentis
1248 324 1492 386 cultura
1522 337 1630 387 aut
1661 348 1868 388 moraf-

182 415 387 493 litate‚
423 419 550 500 ipsa
582 417 768 475 etiam
802 412 902 475 lex
945 417 1175 473 mutari
1210 413 1394 475 debet
1422 437 1435 473 ε
1493 417 1867 474 Constitutio

182 517 389 566 autem
428 505 787 586 exprimens
819 504 1013 562 officia
1046 503 1351 587 Principis
1396 523 1541 583 erga
1597 518 1867 586 gentem,

185 593 336 652 item
393 591 797 673 obligationes
849 592 1048 671 gentis
1099 612 1244 671 erga
1291 592 1639 673 Principem
1665 637 1680 666 ‚
1746 612 1865 672 pro

183 681 425 739 ratione
442 679 664 738 mutari
688 699 813 737 non
832 691 1047 760 potest.
1068 677 1167 736 Ad
1183 679 1658 740 Constitutiones
1678 679 1871 761 igitur

178 766 631 849 Hungarorum
670 767 985 849 pertinent
1025 761 1170 825 haee
1204 768 1323 823 tria
1354 767 1549 825 solum
1574 812 1589 841 ,
1636 788 1862 850 nempe

181 856 378 912 Balla
422 855 644 912 Aurea
682 852 964 914 Andreae
982 853 1057 912 II.
1079 851 1363 912 Secundo
1389 857 1643 912 Sanctio
1665 857 1867 932 Prag-

182 945 420 1000 matio-a
436 940 640 1000 Caroli
661 939 767 999 III.
789 942 1006 1001 Tertio
1026 943 1328 1015 Diploma
1349 944 1736 1016 Inaugzcrale
1758 964 1867 1001 eu-

180 1026 406 1113 jusque
436 1030 640 1112 Regis,
675 1029 843 1090 Haec
881 1029 1045 1089 enim
1088 1028 1378 1108 abrogari
1418 1030 1589 1089 nullo
1626 1033 1689 1088 in
1724 1050 1862 1089 casu

179 1131 435 1199 possunt
464 1114 804 1178 seeundum
838 1119 1157 1198 antiquam
1185 1119 1367 1177 etiam
1412 1118 1862 1199 Hungarorum

177 1204 716 1265 Consvetudinem.
748 1203 815 1287 a)
836 1206 973 1265 Rex
992 1204 1346 1286 Hungariae
1368 1227 1492 1287 quo
1511 1205 1586 1263 ad
1619 1207 1861 1265 Statum

178 1291 511 1352 Politicum
545 1292 932 1353 administrat
968 1313 1233 1374 regnum
1259 1293 1557 1376 imprimis
1588 1291 1861 1353 duorum

177 1380 647 1464 Magistratuum
672 1381 922 1454 auxilio,
947 1384 1055 1463 qui
1077 1381 1468 1460 Magistratus
1487 1381 1643 1441 alter
1663 1384 1866 1441 Subli-

176 1472 370 1544 mior‚
414 1470 571 1530 alter
601 1472 819 1528 Minor
857 1481 962 1529 est.
1026 1467 1363 1527 Sublimior
1398 1470 1459 1527 in
1498 1483 1622 1530 tres
1660 1470 1859 1551 Magi-

174 1570 403 1618 stratus
453 1555 786 1618 dividitur:
834 1577 1105 1639 quorum
1142 1554 1185 1612 I.
1221 1571 1311 1615 est
1345 1554 1714 1618 Gubernans
1732 1560 1859 1619 Re-

185 1664 378 1726 gnum
404 1692 420 1722 ,
475 1649 537 1704 in
583 1666 710 1726 quo
759 1658 901 1703 sunt
945 1643 1255 1728 Palatinus
1283 1645 1521 1724 Regni,
1558 1647 1667 1726 qui
1706 1668 1857 1728 pro-

170 1734 378 1792 ximus
412 1746 503 1794 est
538 1756 572 1790 a
608 1733 777 1814 Rege
797 1773 813 1802 ‚
844 1743 906 1792 et
936 1731 1122 1812 Regis
1147 1731 1337 1811 ipsius
1368 1727 1722 1792 ordinarius
1743 1735 1856 1791 Ju«

172 1817 295 1880 dex
332 1835 456 1896 est,
498 1842 685 1904 quem
720 1833 909 1879 status
946 1830 1006 1901 et
1038 1815 1286 1877 ordines
1346 1822 1658 1877 communi
1706 1836 1857 1881 voto

172 1907 413 1991 eligunt
443 1932 518 1970 ex
547 1921 818 1990 quatuor
837 1905 1192 1976 candidatis,
1239 1904 1407 1987 quod
1435 1909 1696 1968 officium
1728 1931 1855 1968 non

145 2010 262 2058 est
291 1993 797 2059 haereditarium:
866 1990 1038 2080 quod
1082 1988 1266 2055 hodie
1308 2016 1529 2078 magna
1587 1993 1855 2080 justitiae

1636 2083 1768 2143 lau-

234 2273 315 2348 a)
352 2275 445 2328 Jus
486 2274 770 2327 Publicum
799 2283 854 2326 et
881 2273 1093 2332 Statum
1113 2274 1405 2327 Politicum
1432 2275 1741 2344 Hungariae
1766 2276 1851 2327 vi·-

319 2344 387 2395 de
422 2344 566 2416 apud
602 2345 940 2415 Stephanum
975 2345 1284 2415 Vverh'oczy
1327 2344 1420 2413 qui
1453 2345 1669 2414 scripsit
1706 2364 1846 2414 opus
1933 2393 1935 2401 ⁴

322 2413 691 2486 Tripartitum
711 2417 856 2468 Juris
886 2415 1362 2467 Consvetudinarii
1382 2414 1657 2483 Ungarici‚
1687 2415 1851 2466 Vien-

317 2503 417 2537 nae
450 2484 864 2537 1581.Tardius
893 2486 1055 2536 etiam
1085 2486 1256 2537 editae
1275 2485 1696 2536 Constitutiones
1714 2486 1848 2536 Bot-
1939 2512 1940 2515 ¹

318 2554 562 2607 tendorfi
594 2553 744 2606 1668.
770 2554 863 2606 fol.
886 2554 1208 2625 Respublica
1229 2564 1280 2604 et
1297 2554 1663 2621 StatusRegni
1684 2556 1836 2606 Hun-
1937 2518 1940 2614 i

316 2627 495 2696 garine
525 2624 768 2695 prodivit
804 2625 1001 2678 Leidae
1056 2623 1206 2677 1634.
1254 2624 1518 2692 Georgius
1562 2626 1842 2676 Pomanus

312 2716 339 2748 a
378 2695 730 2763 Breitenberg
765 2695 982 2766 scripsit
1017 2695 1301 2763 Dialogum
1334 2694 1398 2745 de
1443 2703 1586 2744 statu
1619 2696 1847 2764 Hunga-

314 2768 429 2818 riae
488 2764 843 2819 Frankofurti
901 2764 1059 2823 1595.
1109 2763 1434 2834 Rudolphus
1501 2763 1844 2833 Grossinger.
1934 2732 1938 2789 ³

312 2836 517 2890 Mariae
556 2835 847 2886 Theresiae
883 2835 1110 2904 Magnae
1146 2835 1405 2885 Dominae
1451 2832 1649 2886 dicavit
1704 2853 1841 2905 opus
1922 2820 1938 2907 ji

308 2908 404 2958 Jus
445 2905 729 2958 Publicum
768 2906 1092 2974 Hungariae.
1111 2904 1374 2974 Josephus
1394 2905 1655 2956 Benczur.
1678 2905 1837 2956 Hun-

302 2976 448 3046 garia
491 2993 706 3042 semper
745 2975 960 3027 Libera.
1018 2975 1305 3042 Praecipue
1336 2974 1562 3025 Comitis
1605 2975 1830 3028 Antonii

311 3046 562 3118 Cziraky.
596 3046 839 3099 Historia
875 3046 1021 3098 Juris
1059 3044 1252 3098 Civilis
1292 3044 1618 3115 Hungariae.
