1940 3672
557 183 1161 256 flispanorum.
1575 182 1654 239 45

71 360 275 436 verit,
321 384 353 419 a
385 360 610 444 quibus
655 358 776 415 iam
817 357 1190 438 quingentos
1228 351 1395 414 ferre
1426 377 1618 416 annos
1665 361 1752 418 sic

70 447 550 520 abhorruerant,
597 458 667 503 ut
725 446 833 526 qui
891 445 1118 503 Literis
1175 463 1431 524 operam
1489 442 1751 519 darent,

71 534 524 620 propemodum
579 534 915 613 ignominia
950 544 1335 592 notarentur.
1405 529 1477 609 a)
1542 535 1750 604 Quare

69 627 424 700 Λζυῆοηεαε
481 618 931 703 pulcherrimas
997 620 1308 680 exstruxit
1364 617 1628 693 scholaS,
1693 634 1753 682 et

67 713 344 769 omnium
361 709 716 769 Literarum
732 723 922 791 atque
938 710 1165 767 artium
1190 705 1573 767 doctissimos
1597 711 1753 769 Pro-

68 797 322 858 fessores
354 818 432 856 ex
470 798 765 856 universo
800 795 1134 855 christiano
1164 794 1319 856 orbe
1350 798 1586 878 magnis
1644 799 1753 856 sti-

65 884 304 967 pendiis
346 887 671 961 evocavit3
740 886 1309 968 pauperioremque
1365 882 1754 965 juventutem

64 971 407 1031 liberaliter
443 973 695 1048 ¹institui
749 973 1035 1044 curavit,
1091 973 1214 1028 imo
1271 971 1575 1053 plurimos
1625 975 1754 1033 Ro-

62 1080 227 1119 mam
261 1073 451 1142 atque
482 1061 790 1141 Lutetiam
813 1107 828 1135 ,
875 1074 946 1119 ut
983 1057 1249 1118 absoluti
1302 1057 1654 1144 Philosophi
1688 1076 1757 1122 et

64 1146 322 1230 perfecti
367 1163 642 1208 oratorrs
679 1148 1033 1221 evaderent,
1079 1145 1384 1206 mittebat.
1433 1148 1753 1209 Postremo

62 1249 133 1294 ut
188 1237 313 1318 ipsa
375 1256 637 1320 quoque
684 1237 859 1321 plebs
906 1234 1305 1308 erudiretur,
1379 1238 1644 1294 Senecae
1692 1252 1756 1298 et

59 1323 325 1384 aliorum
348 1322 869 1408 Philosophorum
891 1324 1085 1384 libros
1110 1325 1174 1382 in
1193 1322 1603 1405 Hispanicum
1626 1347 1757 1385 ser-

58 1432 308 1473 monem
354 1415 515 1475 verti
553 1417 813 1481 curavit,
861 1415 1124 1496 Insuper
1159 1410 1486 1494 singularis
1535 1434 1753 1473 eorum

58 1501 366 1561 Patronus
427 1501 547 1562 fuit
597 1505 707 1583 qui
754 1500 1130 1583 Theologiae
1175 1520 1436 1581 operam
1491 1498 1756 1578 darent,

63 1609 334 1670 quorum
363 1604 426 1650 et
464 1589 984 1676 praelectionibus
1022 1592 1151 1673 ipse
1171 1587 1539 1670 frequenter
1558 1591 1754 1650 inter-—

59 1689 213 1736 erat.
261 1677 460 1760 Cujus
509 1681 898 1741 institutione
945 1692 1005 1741 et
1062 1678 1535 1752 Successorum,
1596 1678 1758 1740 cele-

60 1763 375 1828 berrimae
420 1770 797 1828 exstiterunt
858 1770 921 1828 in
991 1767 1292 1848 Hispania
1349 1765 1755 1839 Academiae,

61 1876 218 1935 quas
251 1854 710 1916 florentissimas
747 1855 968 1930 fuisse,
1032 1855 1547 1914 Doctissimorum
1586 1856 1756 1916 viro-

61 1964 205 2000 rum
247 1943 316 2002 in
361 1946 531 2003 omni
568 1946 798 2003 artium
834 1965 1062 2027 genere
1099 1943 1528 2026 superioribus
1565 1946 1755 2004 etiam

54 2030 281 2090 seculis
322 2030 472 2091 editi
519 2032 668 2092 libri
709 2032 1032 2094 manifeste
1081 2031 1366 2115 probant.
1435 2031 1756 2093 Celebrio-

58 2139 159 2179 res
205 2120 397 2202 igitur
440 2120 811 2182 Academiae
841 2136 1050 2183 erant:
1100 2122 1336 2178 Caesar
1367 2121 1756 2199 Augustana

63 2208 129 2264 in
175 2208 545 2290 Arragonia.
594 2213 1048 2288 Complutensis
1086 2208 1386 2270 Castellae
1440 2224 1756 2270 exstructa

69 2296 254 2356 1517.
311 2299 805 2377 Compostellana
845 2302 909 2358 in
963 2295 1236 2357 Gallicia.
1294 2301 1630 2357 Gandiana
1691 2301 1757 2357 in

35 2401 258 2466 ‘regno
288 2384 631 2448 Valentiae.
671 2391 1105 2447 Granatetzsi&
1152 2388 1566 2463 Hispalensis
1593 2389 1755 2447 anti-

60 2474 358 2553 quissima
391 2473 818 2552 Universitas‚
869 2500 948 2539 ex
1011 2497 1137 2559 qua
1186 2475 1579 2537 celeberrimi
1633 2477 1756 2535 viri

63 2560 515 2644 prodiverunt3
572 2561 672 2626 hic
713 2568 880 2627 enim
943 2568 1267 2643 Sylvester
1330 2566 1406 2625 II.
1466 2563 1755 2626 Pontifex

1545 2651 1666 2712 fuit

126 2871 187 2945 a)
225 2872 496 2926 Antonius
546 2873 962 2928 panormitanus
1015 2876 1080 2930 L.
1122 2874 1170 2929 1.
1206 2896 1251 2928 c.
1294 2876 1344 2936 6.
1380 2877 1586 2931 refert.-
1628 2898 1752 2932 cum

219 2941 435 2994 audiret
477 2942 787 3014 Alphonsus
860 2945 1153 3015 quemdam
1219 2947 1510 3019 Hispaniae
1563 2968 1752 3021 regem

220 3011 458 3065 dixisse:
496 3031 604 3065 non
638 3014 828 3067 decere
864 3015 1174 3086 Principem
1216 3017 1354 3070 scire
1384 3019 1630 3082 Literas‚
1663 3039 1755 3073 re·-

213 3083 437 3156 spondit
459 3103 478 3136 .-
518 3101 636 3140 eam
685 3085 873 3155 boviS,
909 3103 1020 3140 non
1055 3086 1293 3144 hominis
1344 3107 1535 3144 vocem
1572 3089 1754 3147 fuisse.
