1940 3672
661 225 1137 280 Danorum.
1538 219 1655 277 211

69 424 231 483 quae
296 403 592 477 Congesta
653 398 1007 454 stIenclvech'c'
1058 394 1368 455 dicuntur.
1456 391 1745 452 Mortuus

71 504 160 548 est
195 510 354 546 anno
390 487 560 565 regni
596 485 695 543 55.
732 506 834 543 seu
872 486 1053 544 1521.

243 575 411 633 XVI.
460 574 938 648 Clzristoplzot·as
973 573 1061 629 II.
1100 571 1502 629 Rostoclzium
1531 567 1745 648 Mega-

69 663 400 745 lopolitano
441 661 749 733 restituit,
811 661 1067 742 Regiam
1116 658 1240 741 juri
1285 659 1607 717 Danorum
1654 676 1748 713 as-

68 751 290 820 seruit,
337 746 582 806 demum
620 747 702 806 ol)
735 747 1160 807 crudelitatem
1201 745 1566 830 proceribus
1589 744 1749 801 invi-

70 857 201 909 SUS,
236 856 450 915 ,regno
484 834 726 916 pulsus,
793 838 1227 894 Slesvicensem
1273 837 1750 892 Walclemaram

75 924 306 981 interea
361 922 577 982 ducem
636 937 911 982 creatum
976 921 1447 983 infensissimum
1515 917 1752 978 hostem

74 1012 337 1090 accepit,
424 1032 546 1092 qua
602 1024 963 1094 tempestate
1014 1024 1219 1069 tantae
1265 1009 1632 1068 calamitates
1688 1009 1751 1063 in
1799 1033 1806 1041 ,

74 1098 331 1154 Daniam
373 1097 802 1173 invaluerunt,
860 1114 929 1158 ut
971 1100 1329 1182 provinciae
1367 1098 1543 1176 regni
1588 1097 1752 1153 inter

79 1185 370 1245 Proceres
409 1200 470 1245 et
515 1188 780 1247 Comites
836 1186 1142 1246 Holsatiae
1196 1187 1386 1243 instar
1449 1185 1755 1243 mercium

73 1272 527 1347 venderentur,
589 1297 782 1356 quare
837 1278 1019 1335 etiam
1067 1275 1206 1333 Rex
1267 1286 1594 1356 postquam
1649 1267 1756 1328 de-

75 1361 495 1420 turbatoribus
546 1365 668 1421 suis
732 1368 829 1424 80.
874 1362 1070 1420 millia
1113 1382 1463 1421 marcarum
1513 1359 1754 1439 argenti

78 1463 139 1508 et
183 1450 411 1507 Silvam
450 1452 742 1510 Danicam
777 1452 1192 1534 promisisset,
1240 1447 1469 1508 throno
1506 1447 1756 1506 restitu-

74 1549 170 1595 tus
209 1537 350 1596 fuit:
401 1561 527 1620 quo
572 1538 823 1599 demum
862 1560 1025 1598 anno
1079 1539 1262 1598 1555,
1307 1549 1596 1608 mortUO,
1665 1555 1758 1593 se-

72 1641 283 1684 cutum
335 1641 425 1686 est
463 1629 891 1710 interregnum
939 1640 1174 1710 septem
1221 1644 1562 1698 annorum,
1631 1643 1758 1704 quo

74 1711 202 1795 jugi
264 1716 560 1774 Holsatici
616 1717 875 1796 pertaesi
936 1735 1223 1799 proceres
1289 1715 1762 1772 Waldemczram

76 1799 345 1861 defuncti
397 1806 555 1884 regis
605 1803 799 1862 filium
850 1806 915 1860 in
978 1803 1118 1862 aula
1177 1803 1480 1862 Ladovici
1538 1800 1762 1857 Bavari

76 1889 477 1973 Imperatoris
509 1890 834 1952 educatum
866 1893 931 1948 in
960 1912 1222 1974 regnum
1254 1889 1656 1950 reduxerunt.
1692 1884 1759 1963 a)

254 1980 459 2039 XVII.
531 1983 985 2038 Walclemczras,
1044 1980 1171 2037 III.
1230 1998 1494 2061 regnum
1540 1990 1758 2058 pater—

80 2088 229 2125 num
268 2066 552 2128 obtinens
579 2113 593 2141 ‚
638 2066 1056 2127 labefactatam
1089 2068 1407 2126 Danorum
1447 2085 1583 2124 rem
1631 2062 1767 2122 feli-

80 2156 236 2214 citer
273 2157 677 2228 restauravit,
739 2157 946 2238 gravia
990 2155 1149 2215 bella
1189 2157 1372 2238 gessit
1407 2173 1547 2212 cum
1592 2153 1765 2212 Han-

82 2245 315 2303 seaticis
374 2244 757 2316 civitatibUS,
842 2243 1157 2304 Holsatiae
1218 2244 1474 2303 comites
1533 2241 1760 2324 partim

82 2332 178 2406 vi,
244 2335 469 2415 partim
529 2334 786 2416 pecunia
834 2334 1090 2415 pacavit.
1175 2332 1592 2392 Slevicensem
1642 2339 1771 2386 tra-

81 2432 251 2479 ctum
306 2422 422 2480 sibi
482 2421 778 2500 subjecit,
856 2424 1149 2478 Seam'cmz
1207 2421 1417 2480 Svecis
1487 2417 1767 2478 extorsit.

83 2508 412 2566 Estoniam
448 2508 776 2591 Equitibus
803 2509 1157 2568 Teutonicis
1187 2505 1470 2569 vendidit
1498 2509 1592 2565 18.
1631 2502 1770 2561 mil-

85 2594 247 2655 libus
288 2619 638 2656 marcarum
683 2599 950 2678 argenti,
999 2619 1185 2679 quam
1234 2617 1533 2656 summam
1572 2592 1770 2651 maxi-

86 2706 185 2742 ma
239 2707 315 2745 ex
378 2699 554 2767 parte
610 2687 673 2741 in
727 2684 1122 2764 expeditione
1176 2685 1358 2743 Sacra
1417 2681 1764 2741 consumsit.

92 2774 488 2834 Pomeraniae
535 2771 719 2833 duces
756 2771 874 2831 sibi
923 2772 1318 2845 conciliavit,
1381 2784 1442 2830 et
1485 2770 1768 2844 stlat-ga—

881 2882 914 2917 ο
954 2862 986 2918 2
1481 2868 1686 2914 rebam

161 3030 234 3105 a)
272 3031 437 3083 Idem.
473 2996 604 3084 ibid.
651 3033 800 3084 Joan.
850 3032 997 3084 Petri
1062 3031 1118 3083 in
1155 3029 1518 3099 Chronologia
1575 3025 1766 3078 Holsa-

235 3104 339 3155 tiae
373 3111 513 3175 part.
549 3099 925 3159 2.Crantzius.
959 3101 1083 3156 L.7.
1112 3102 1248 3155 Hist.
1270 3100 1470 3154 Daniae
1506 3119 1555 3157 o.
1576 3096 1767 3151 30.31.
