1940 3672
636 177 1155 235 Polonoram.
1524 167 1646 227 515

76 352 259 413 1795.
329 363 457 412 tota
533 346 787 409 Polonia
848 369 882 405 a
943 343 1401 406 Confoederatis
1477 339 1685 399 Russis
1717 385 1735 413 ‚

72 440 410 499 Austriacis
444 450 505 498 et
550 435 828 495 Borussis
867 437 931 493 in
976 448 1100 494 tres
1126 446 1328 517 partes
1366 428 1556 497 divisa
1582 473 1597 502 ,
1646 446 1746 483 su-

76 527 249 586 blato
288 526 483 608 Regio
528 522 747 595 titulo,
792 523 1079 603 Regnum
1120 519 1409 581 Poloniae
1448 513 1741 597 simplici-

70 630 166 674 ter
211 613 425 675 desiit:
465 608 576 670 hac
616 610 922 670 divisione
959 611 1190 668 Domus
1228 605 1550 666 Austriaca
1598 622 1742 684 par-

70 716 195 761 tem
256 698 542 760 Poloniae
591 696 705 756 sub
757 699 1006 757 nomine
1053 695 1344 755 Galliciae
1394 689 1745 752 occidenta-

62 789 136 847 lis
166 787 451 852 obtinuit,
555 786 851 845 Borussus
914 785 1146 866 accepit
1221 781 1620 862 Samogitiam
1682 788 1742 834 et

64 875 386 934 Litvaniae
451 887 688 958 partem
749 894 944 954 usque
1007 872 1083 930 ad
1132 872 1392 930 Niemen
1449 867 1742 937 fluvium,

65 965 213 1021 item
272 974 510 1043 partem
560 960 928 1020 Palatinatus
975 958 1285 1019 Biekensis
1314 1001 1331 1030 ,
1377 951 1740 1015 Podlachiae

63 1061 126 1108 et
174 1049 431 1108 minoris
480 1048 776 1109 Poloniae
827 1069 969 1107 cum
1012 1058 1137 1106 tota
1187 1044 1316 1106 fere
1368 1043 1641 1102 Masuria
1681 1051 1744 1099 et

66 1132 457 1196 Varschavia.
504 1136 684 1198 Russi
709 1149 915 1197 autem
947 1134 1251 1215 reliquam
1273 1131 1593 1192 Poloniam
1629 1126 1746 1186 ob-

59 1225 415 1299 tinuerunt,
446 1226 570 1286 imo
611 1223 902 1284 Volhinia
939 1237 999 1284 et
1056 1219 1386 1280 Cui-landia
1422 1230 1640 1300 sponte
1678 1236 1741 1275 se

60 1313 148 1372 eis
212 1309 494 1395 subjecit.
587 1314 827 1374 Verum
875 1335 969 1371 an.
1020 1311 1206 1370 1807.
1256 1311 1575 1384 Neapoleotz
1622 1305 1740 1362 Bo-

64 1400 300 1460 russiae
338 1422 550 1483 regem
591 1413 771 1484 parte
812 1398 1099 1459 Poloniae
1142 1397 1395 1456 obtenta
1439 1392 1743 1477 privavit,

60 1508 251 1568 quam
290 1491 545 1550 nomine
582 1490 850 1549 Ducatus
884 1483 1383 1546 Varschaviensis
1441 1479 1742 1541 Saxoniae

64 1576 202 1656 regi
259 1574 463 1651 dedit,
522 1580 622 1638 cui
673 1576 853 1636 brevi
911 1571 1135 1655 adjecit
1182 1574 1368 1633 etiam
1423 1569 1744 1628 Galliciam

58 1660 503 1725 occidentalem
541 1679 603 1726 et
641 1665 1008 1725 Districtum
1052 1664 1533 1722 Zamoscensem.
1581 1657 1744 1714 Rus-

62 1751 144 1808 sis
199 1771 352 1811 vero
413 1752 704 1815 Galliciae
759 1750 1073 1813 orientalis
1128 1763 1367 1834 partem
1421 1745 1741 1807 concessit.

71 1837 362 1897 Ceterum
411 1842 728 1916 Napoleon
774 1854 842 1900 ut
901 1839 1163 1899 Polonos
1213 1836 1448 1896 facilius
1498 1834 1574 1894 ad
1605 1851 1740 1892 suas

61 1923 452 2007 pertraheret
511 1944 716 2011 partes
750 1975 766 2004 9
826 1927 974 1988 dum
1031 1927 1213 1986 1812.
1279 1922 1740 2007 expeditionem

61 2027 278 2071 contra
332 2015 560 2075 Russos
612 2017 999 2099 suscepisset,
1050 2013 1264 2093 iisdem
1323 2014 1501 2093 regni
1547 2022 1739 2070 resta-

61 2100 286 2161 urandi
324 2123 502 2162 causa
524 2105 786 2164 Comitia
813 2100 1243 2164 Varschaviam
1278 2099 1537 2159 indixit:
1577 2117 1738 2180 quae

66 2200 270 2248 tamen
330 2190 528 2272 gloria
584 2215 729 2252 mox
775 2206 1006 2252 mutata
1059 2189 1208 2251 belli
1262 2189 1543 2262 fortuna,
1579 2189 1741 2245 Rus-

59 2295 273 2335 sorum
317 2279 688 2362 Imperatori
729 2279 1086 2340 Alexandro
1133 2280 1341 2352 cessit,
1378 2279 1486 2358 qui
1525 2298 1602 2335 ex
1634 2273 1741 2332 de-

59 2375 232 2426 creto
288 2367 628 2449 Congessus
693 2370 1092 2443 Viennensis,
1156 2366 1440 2426 obtentas
1491 2362 1742 2424 Poloni-

57 2470 157 2510 cas
207 2456 559 2535 provincias
625 2459 800 2537 regni
869 2456 1052 2516 titulo
1108 2454 1439 2516 honoravit
1481 2475 1549 2513 ea
1592 2472 1741 2511 con-

62 2537 329 2614 ditione,
375 2556 444 2603 ut
492 2542 779 2626 deinceps
849 2545 1138 2606 Poloniae
1192 2565 1304 2604 rex
1361 2541 1525 2603 idem
1585 2546 1740 2601 esset

63 2628 173 2706 qui
228 2628 576 2691 Russorum
635 2632 999 2716 Imperator.
1046 2631 1126 2711 a)

1498 2717 1546 2797 ς.
1594 2713 1651 2772 4.

66 2822 131 2838 Q*

129 2906 202 2968 a)
242 2905 527 2983 Politicum
566 2908 818 2961 Poloniae
856 2906 1069 2980 Statum
1103 2908 1321 2979 scripsit
1359 2908 1629 2960 Antonius
1663 2908 1730 2960 de

199 2974 365 3053 filia,
405 2979 738 3049 Perspectiva
790 2978 1009 3048 politica
1049 2979 1221 3048 Regni
1264 2978 1554 3037 Poloniae,
1587 2980 1733 3032 Dan-

191 3052 310 3101 usci
349 3044 510 3102 1653.
558 3048 856 3103 stanislaus
905 3049 1358 3115 Ritzistannovi0‚
1416 3050 1594 3104 brevis
1642 3051 1739 3104 de-
