1940 3672
129 225 285 297 Sola
328 223 678 299 nascendi
720 222 1144 296 conditione
1169 225 1465 297 abunde
1487 228 1801 324 Magnus

128 343 466 430 videare!
520 345 710 411 Nam
749 345 807 410 Si
831 340 1092 410 Gentis
1129 342 1408 412 TUAE
1443 348 1804 438 originem

123 483 433 551 querere
457 441 700 523 Jlicet?
752 459 945 521 inter
963 458 1240 549 primos
1275 457 1622 552 Scythiae
1660 458 1803 528 Du·

122 596 246 642 ces
295 571 744 640 AKUSIUM
793 573 1129 638 invenire
1172 585 1304 641 est.
1385 572 1462 641 Si
1519 570 1618 641 ad
1673 597 1801 641 nu-

124 711 408 755 merum
446 686 957 755 Gloriosorum
987 685 1047 753 F
1053 689 1432 756 acinorum
1457 742 1479 771 ,
1531 686 1802 784 quibus

123 801 444 897 Majores
495 799 674 869 TUI
701 799 1239 872 inclaruerunt?
1290 826 1527 874 annos
1554 828 1805 874 nume-

119 939 284 983 rare
333 927 646 1011 oportet.
704 913 779 982 Si
815 915 1220 1010 Prosapiae
1269 917 1553 988 TUAE
1601 922 1808 990 inve-

119 1031 472 1124 stigemus
513 1026 1163 1101 incunabula?aut
1182 1052 1484 1099 necesse
1504 1042 1615 1101 est
1653 1055 1809 1107 cre-

126 1143 304 1213 dere
345 1143 758 1214 CSAKIOS
809 1166 1190 1239 nunquam
1223 1141 1449 1214 fuisse
1488 1168 1763 1241 parvos
1787 1201 1812 1231 ,

116 1274 246 1329 aut
265 1259 487 1329 fateri
509 1274 806 1357 praeter
829 1257 1128 1330 Illustre
1152 1259 1644 1354 Antiquitatis
1666 1263 1811 1332 Do·

114 1390 539 1447 numentum
565 1375 756 1445 nihil
799 1375 904 1444 ibi
936 1377 1301 1472 reperire!
1358 1378 1560 1445 omni
1610 1380 1809 1447 enim

119 1506 455 1589 tempore
492 1490 653 1562 Alii
703 1489 905 1561 Belli
961 1491 1239 1562 artibus
1297 1495 1811 1582 eminuerunt3

122 1607 279 1676 Alii
319 1606 742 1677 Senatorias
779 1608 1053 1704 Togas‚
1105 1620 1180 1678 et
1201 1605 1442 1678 Sellas
1476 1607 1818 1695 CuruleS‚

115 1723 393 1795 Insulas
413 1722 570 1794 Alii
594 1724 855 1796 Sacras
876 1727 953 1793 in
980 1724 1380 1822 Prosapiae
1403 1748 1578 1796 suae
1594 1724 1818 1797 Prae-

117 1842 494 1934 rogativas
555 1835 798 1908 diviso
856 1841 1050 1910 inter
1119 1863 1196 1911 se
1260 1865 1338 1910 se
1405 1839 1810 1938 splendore

114 1953 619 2024 ostentabant.
664 1951 862 2048 Quid
891 1957 1108 2026 vero!
1142 1959 1203 2028 si
1237 1956 1515 2028 Eorum
1551 1961 1810 2029 ineun-

114 2069 257 2141 dus
298 2083 491 2141 esset
525 2094 871 2141 numerus
892 2124 915 2155 ‚
961 2075 1091 2168 qui
1127 2070 1404 2143 ferrum
1434 2087 1510 2144 et
1545 2075 1812 2146 Victo-

120 2191 309 2256 riam
362 2190 557 2255 inter
589 2187 1069 2258 Tartarorum
1094 2189 1657 2285 Tui-carumque
1697 2190 1813 2287 ju·-

115 2302 329 2399 gulos
395 2304 1057 2375 circumtulerunt?
1132 2306 1457 2376 Nomina
1535 2309 1808 2405 integri

117 2420 492 2489 exereitus
516 2424 934 2517 conscripta
959 2444 1116 2493 esse
1139 2420 1588 2493 viderentur!
1608 2424 1817 2518 Quae

117 2533 575 2605 immortalia
645 2535 978 2606 facinora
1003 2593 1026 2628 ‚
1123 2541 1261 2610 etsi
1320 2542 1513 2610 inter
1581 2541 1813 2613 Patrii

120 2648 491 2722 duntaxat
526 2652 767 2750 Regni
805 2653 1077 2727 limites
1111 2669 1320 2752 gesta
1353 2655 1669 2738 fuerint,
1710 2668 1820 2725 to-

128 2781 206 2835 to
262 2767 436 2838 orbe
476 2783 725 2838 tamen
766 2769 1074 2867 vulgata
1102 2825 1124 2854 ,
1163 2769 1489 2844 omnium
1519 2771 1820 2843 auribus

134 2881 615 2958 VESTRUM
658 2887 952 2958 Nomen
980 2940 1005 2973 ‚
1056 2890 1380 2959 omnium
1443 2888 1822 2960 Mentibus

1648 3028 1726 3074 111
