1940 3672
199 229 316 288 174
764 237 1186 292 Ilistorc'a

122 409 271 466 brae
302 409 601 470 beneficio
635 413 1009 472 matrimonii
1043 417 1369 496 suiroptato
1402 432 1543 474 cum
1583 415 1793 474 fructu

111 499 484 579 composuit,
520 502 648 580 ipse
683 503 847 557 enim
874 524 908 560 e
941 503 1140 561 Domo
1187 503 1572 564 Lancastriae
1614 518 1790 562 ortus

112 586 171 640 in
221 606 478 643 uxorem
514 585 693 644 duxit
726 590 1015 647 Edam-cli
1038 588 1143 649 IV.
1164 590 1562 652 Eboracensis
1601 590 1788 648 filiam

113 693 240 752 quo
278 672 435 729 facto
469 673 641 732 bellis
699 675 997 734 intestinis
1046 675 1306 738 feliciter
1360 680 1640 752 sublatis,
1692 679 1790 736 24.

111 761 284 817 annis
324 773 492 816 tanta
526 775 658 819 arte
703 783 964 841 regnum
1011 763 1494 843 administravit,
1544 782 1613 825 ut
1655 788 1790 847 pas-

109 848 226 903 sim
271 848 364 905 sui
390 850 701 928 'temporis
740 851 1027 907 Salomon
1050 867 1410 926 vocaretur,
1444 855 1510 931 a)
1548 855 1791 913 Vitium

112 947 313 991 tamen
337 937 632 995 avaritiae
652 937 707 993 ei
727 936 1124 1014 attribuitur3
1155 942 1253 997 cui
1287 965 1382 1000 an.
1410 943 1596 1003 1509.
1621 965 1793 1001 mor-

109 1034 216 1080 tuo
261 1025 560 1081 successit.

266 1108 436 1167 XIX.
485 1113 805 1169 Hearicus
839 1112 1009 1172 VIII.
1047 1115 1211 1173 inter
1255 1138 1464 1177 omnes
1533 1118 1791 1200 Angliae

113 1217 287 1277 reges
322 1212 582 1280 propter
620 1201 771 1258 vitia
817 1213 878 1260 et
929 1203 1189 1260 virtutes
1241 1207 1620 1279 notissimus,
1680 1208 1791 1286 qui

110 1284 188 1342 ab
234 1306 358 1342 uno
400 1301 680 1346 extremo
716 1290 778 1345 in
823 1289 989 1347 aliud
1034 1312 1254 1365 ruens,
1298 1293 1616 1352 affectibus
1670 1292 1790 1350 do—

109 1373 331 1429 minari
365 1377 602 1434 nescius
634 1375 797 1458 apud
853 1375 1127 1437 subditos
1182 1378 1444 1439 dubium
1495 1382 1787 1463 reliquit,

107 1483 186 1518 an
228 1462 489 1520 virtutes
538 1463 637 1521 vel
681 1465 831 1522 vitia
874 1466 936 1524 in
980 1488 1053 1526 eo
1105 1482 1309 1549 partes
1349 1466 1613 1550 majores
1673 1467 1787 1525 lia—

109 1548 417 1606 buerint'?
480 1551 636 1609 Nam
695 1565 911 1611 exorta
973 1576 1135 1613 nova
1180 1555 1439 1616 Lutheri
1492 1558 1788 1616 Doctrina

109 1657 304 1717 quum
345 1638 783 1720 rempublicam
826 1662 1057 1700 sacram
1098 1664 1294 1725 aeque
1347 1666 1416 1702 ac
1465 1645 1786 1728 profanam

111 1723 630 1805 perturbavisset‚
686 1729 863 1788 initio
911 1732 1115 1788 statim
1165 1731 1324 1789 solus
1375 1733 1438 1789 in
1505 1732 1787 1791 favorem

116 1809 427 1870 Pontificis
460 1816 736 1896 scripsit,
775 1839 969 1897 quare
986 1821 1169 1878 etiam
1206 1819 1452 1878 titulum
1482 1823 1789 1894 Defenso-

114 1901 205 1955 ris
227 1901 381 1973 fidei
415 1899 530 1959 sibi
565 1917 625 1961 et
657 1907 916 1986 posteris
945 1905 1243 1964 obtinuit:
1307 1929 1526 1967 verum
1570 1906 1788 1966 mobili

112 2009 223 2046 suo
267 1989 512 2069 ingenio
551 1989 729 2051 brevi
767 1992 843 2051 ab
875 1993 1142 2054 Ecclesia
1179 1995 1456 2054 Romana
1482 1993 1785 2070 deficien8‚

115 2095 177 2133 se
222 2098 571 2151 supremum
617 2082 1012 2158 Anglicanae
1057 2083 1376 2140 Ecclesiae
1438 2085 1640 2160 Caput
1688 2106 1787 2143 sa-

112 2159 298 2220 lutari
356 2169 703 2248 praecepit,
748 2191 1109 2252 novumque
1162 2170 1480 2253 religionis
1525 2186 1786 2253 systema

113 2250 318 2330 quoad
385 2252 770 2337 disciplinam
826 2257 1289 2340 praescribens,
1339 2259 1415 2317 ad
1456 2258 1518 2318 id
1572 2259 1780 2339 jurare

113 2360 324 2400 omnes
359 2343 652 2403 Proceres
688 2358 749 2403 et
778 2346 1109 2428 Episcopos
1141 2347 1459 2430 compulit.
1495 2347 1785 2406 Divortio

110 2447 221 2485 suo
254 2450 316 2487 se
352 2442 413 2487 et
453 2453 714 2513 regnum
751 2436 910 2493 mire
942 2434 1330 2515 perturbanS‚
1365 2434 1546 2494 simul
1567 2438 1788 2493 immo-

117 2513 310 2574 ralem
345 2538 514 2589 suam
551 2519 814 2580 indolem
846 2522 1163 2582 manifeste
1182 2522 1470 2605 probavit
1502 2545 1607 2583 sex
1638 2544 1787 2581 con-

114 2602 354 2679 nubiis3
401 2628 540 2664 nam
573 2623 900 2690 postquam
947 2610 1788 2692 CatharinamArragoniam

113 2694 395 2751 Artlzzcri
441 2694 694 2757 viduam
746 2694 1107 2774 dimisisset,
1153 2701 1408 2758 Annam
1464 2702 1789 2758 Boleniam

1645 2809 1696 2846 Sl

180 2956 239 3011 a)
278 2949 535 3019 Polydor.
575 2952 638 3006 L.
675 2951 760 3005 26.
798 2953 989 3013 Franc.
1030 2957 1166 3008 Baco
1202 2956 1267 3009 de
1300 2956 1611 3008 Verulamio
1645 2956 1781 3010 Hist.

274 3019 497 3072 Henrici
529 3021 642 3073 Vll.
678 3023 909 3095 scripsit.
949 3028 1201 3092 Lugduni
1245 3029 1589 3079 Batavorum.
1633 3023 1781 3080 1647.

268 3088 326 3140 in
376 3086 460 3144 12.
501 3091 807 3147 Buchanan.
837 3097 986 3154 Hist.
1021 3098 1330 3151 Scotorum.
1373 3098 1435 3150 L.
1466 3094 1558 3164 23.
1597 3105 1650 3146 et
1700 3094 1781 3149 14.
