<?xml version="1.0" encoding="UTF-8"?>
<!DOCTYPE html PUBLIC "-//W3C//DTD XHTML 1.0 Transitional//EN"
    "http://www.w3.org/TR/xhtml1/DTD/xhtml1-transitional.dtd">
<html xmlns="http://www.w3.org/1999/xhtml" xml:lang="en" lang="en">
 <head>
  <title>
</title>
<meta http-equiv="Content-Type" content="text/html;charset=utf-8" />
  <meta name='ocr-system' content='tesseract 3.04.00' />
  <meta name='ocr-capabilities' content='ocr_page ocr_carea ocr_par ocr_line ocrx_word'/>
</head>
<body>
  <div class='ocr_page' id='page_1' title='image "./historiauniversa03nagy_0418.png"; bbox 0 0 1940 3672; ppageno 0'>
   <div class='ocr_carea' id='block_1_1' title="bbox 203 170 1209 232">
    <p class='ocr_par' dir='ltr' id='par_1_1' title="bbox 203 170 1209 232">
     <span class='ocr_line' id='line_1_1' title="bbox 203 170 1209 232; baseline 0 -2"><span class='ocrx_word' id='word_1_1' title='bbox 203 170 329 232; x_wconf 78' lang='lat'><strong>394</strong></span> <span class='ocrx_word' id='word_1_2' title='bbox 690 171 1209 232; x_wconf 77' lang='lat' dir='ltr'><em>Historia</em></span> 
     </span>
    </p>
   </div>
   <div class='ocr_carea' id='block_1_2' title="bbox 105 310 1802 1892">
    <p class='ocr_par' dir='ltr' id='par_1_2' title="bbox 105 310 1785 461">
     <span class='ocr_line' id='line_1_2' title="bbox 109 310 1785 398; baseline 0.003 -27"><span class='ocrx_word' id='word_1_3' title='bbox 109 311 391 398; x_wconf 87' lang='lat' dir='ltr'><strong>publicae</strong></span> <span class='ocrx_word' id='word_1_4' title='bbox 437 310 1071 390; x_wconf 77' lang='lat' dir='ltr'><strong>administrationem,</strong></span> <span class='ocrx_word' id='word_1_5' title='bbox 1134 312 1362 376; x_wconf 84' lang='lat' dir='ltr'>throno</span> <span class='ocrx_word' id='word_1_6' title='bbox 1419 311 1785 376; x_wconf 85' lang='lat' dir='ltr'><strong>deturbare-</strong></span> 
     </span>
     <span class='ocr_line' id='line_1_3' title="bbox 105 400 1032 461; baseline -0.001 0"><span class='ocrx_word' id='word_1_7' title='bbox 105 413 209 461; x_wconf 88' lang='lat' dir='ltr'><strong>tur</strong></span> <span class='ocrx_word' id='word_1_8' title='bbox 257 402 438 459; x_wconf 76' lang='lat'>1041.</span> <span class='ocrx_word' id='word_1_9' title='bbox 473 402 572 460; x_wconf 87' lang='lat' dir='ltr'><strong>cui</strong></span> <span class='ocrx_word' id='word_1_10' title='bbox 615 400 900 460; x_wconf 80' lang='lat' dir='ltr'><strong>suffectus</strong></span> <span class='ocrx_word' id='word_1_11' title='bbox 942 414 1032 461; x_wconf 83' lang='lat' dir='ltr'><strong>cst</strong></span> 
     </span>
    </p>

    <p class='ocr_par' dir='ltr' id='par_1_3' title="bbox 107 487 1802 1517">
     <span class='ocr_line' id='line_1_4' title="bbox 283 487 1787 564; baseline 0.002 -18"><span class='ocrx_word' id='word_1_12' title='bbox 283 492 535 546; x_wconf 72' lang='lat' dir='ltr'><strong>Samuel</strong></span> <span class='ocrx_word' id='word_1_13' title='bbox 564 487 708 545; x_wconf 77' lang='lat' dir='ltr'><strong>Aba</strong></span> <span class='ocrx_word' id='word_1_14' title='bbox 746 491 806 545; x_wconf 88' lang='lat' dir='ltr'><strong>S.</strong></span> <span class='ocrx_word' id='word_1_15' title='bbox 855 489 1159 563; x_wconf 71' lang='lat' dir='ltr'><strong>Stephani</strong></span> <span class='ocrx_word' id='word_1_16' title='bbox 1189 492 1396 564; x_wconf 77' lang='lat' dir='ltr'><strong>affinis,</strong></span> <span class='ocrx_word' id='word_1_17' title='bbox 1436 492 1614 550; x_wconf 84' lang='lat' dir='ltr'><strong>initio</strong></span> <span class='ocrx_word' id='word_1_18' title='bbox 1650 502 1787 549; x_wconf 82' lang='lat' dir='ltr'><strong>tan-</strong></span> 
     </span>
     <span class='ocr_line' id='line_1_5' title="bbox 108 574 1790 659; baseline -0.001 -20"><span class='ocrx_word' id='word_1_19' title='bbox 108 592 241 639; x_wconf 83' lang='lat' dir='ltr'><strong>tum</strong></span> <span class='ocrx_word' id='word_1_20' title='bbox 269 574 711 657; x_wconf 88' lang='lat' dir='ltr'><strong>conjurationis</strong></span> <span class='ocrx_word' id='word_1_21' title='bbox 753 577 896 634; x_wconf 77' lang='lat' dir='ltr'><strong>Dux</strong></span> <span class='ocrx_word' id='word_1_22' title='bbox 928 589 1162 637; x_wconf 83' lang='lat' dir='ltr'><strong>creatus</strong></span> <span class='ocrx_word' id='word_1_23' title='bbox 1181 625 1196 654; x_wconf 81' lang='grc'>,</span> <span class='ocrx_word' id='word_1_24' title='bbox 1229 578 1371 638; x_wconf 90' lang='lat' dir='ltr'><strong>dein</strong></span> <span class='ocrx_word' id='word_1_25' title='bbox 1400 580 1657 659; x_wconf 81' lang='lat' dir='ltr'>Regiam</span> <span class='ocrx_word' id='word_1_26' title='bbox 1695 577 1790 637; x_wconf 85' lang='lat' dir='ltr'><strong>di-</strong></span> 
     </span>
     <span class='ocr_line' id='line_1_6' title="bbox 107 665 1789 749; baseline -0.002 -24"><span class='ocrx_word' id='word_1_27' title='bbox 107 670 399 749; x_wconf 75' lang='lat' dir='ltr'><strong>gnitatem</strong></span> <span class='ocrx_word' id='word_1_28' title='bbox 435 685 735 747; x_wconf 88' lang='lat' dir='ltr'><strong>usurpare</strong></span> <span class='ocrx_word' id='word_1_29' title='bbox 766 666 1010 745; x_wconf 86' lang='lat' dir='ltr'><strong>coepit,</strong></span> <span class='ocrx_word' id='word_1_30' title='bbox 1080 669 1189 746; x_wconf 85' lang='lat' dir='ltr'><strong>qui</strong></span> <span class='ocrx_word' id='word_1_31' title='bbox 1229 667 1479 726; x_wconf 88' lang='lat' dir='ltr'><strong>demum</strong></span> <span class='ocrx_word' id='word_1_32' title='bbox 1513 665 1789 749; x_wconf 80' lang='lat' dir='ltr'><strong>neglecta</strong></span> 
     </span>
     <span class='ocr_line' id='line_1_7' title="bbox 109 750 1790 835; baseline -0.001 -22"><span class='ocrx_word' id='word_1_33' title='bbox 109 755 463 824; x_wconf 85' lang='lat' dir='ltr'><strong>nobilitate,</strong></span> <span class='ocrx_word' id='word_1_34' title='bbox 516 773 711 834; x_wconf 86' lang='lat' dir='ltr'><strong>quum</strong></span> <span class='ocrx_word' id='word_1_35' title='bbox 747 750 1113 835; x_wconf 84' lang='lat' dir='ltr'><strong>plebeorum</strong></span> <span class='ocrx_word' id='word_1_36' title='bbox 1148 751 1563 814; x_wconf 79' lang='lat' dir='ltr'><strong>familiaritate</strong></span> <span class='ocrx_word' id='word_1_37' title='bbox 1609 754 1790 812; x_wconf 85' lang='lat' dir='ltr'><strong>nimis</strong></span> 
     </span>
     <span class='ocr_line' id='line_1_8' title="bbox 111 838 1793 923; baseline -0.001 -24"><span class='ocrx_word' id='word_1_38' title='bbox 111 841 554 914; x_wconf 81' lang='lat' dir='ltr'><strong>delectaretur,</strong></span> <span class='ocrx_word' id='word_1_39' title='bbox 588 851 913 923; x_wconf 80' lang='lat' dir='ltr'><strong>tantopere</strong></span> <span class='ocrx_word' id='word_1_40' title='bbox 928 838 1138 898; x_wconf 87' lang='lat' dir='ltr'><strong>odium</strong></span> <span class='ocrx_word' id='word_1_41' title='bbox 1157 842 1434 902; x_wconf 88' lang='lat' dir='ltr'><strong>Nationis</strong></span> <span class='ocrx_word' id='word_1_42' title='bbox 1465 844 1526 901; x_wconf 91' lang='lat' dir='ltr'><strong>in</strong></span> <span class='ocrx_word' id='word_1_43' title='bbox 1549 863 1614 902; x_wconf 90' lang='lat' dir='ltr'><strong>se</strong></span> <span class='ocrx_word' id='word_1_44' title='bbox 1640 862 1793 899; x_wconf 88' lang='lat' dir='ltr'><strong>con-</strong></span> 
     </span>
     <span class='ocr_line' id='line_1_9' title="bbox 109 929 1790 1003; baseline -0.001 -16"><span class='ocrx_word' id='word_1_45' title='bbox 109 930 363 1003; x_wconf 74' lang='lat' dir='ltr'><strong>citavit,</strong></span> <span class='ocrx_word' id='word_1_46' title='bbox 441 940 514 985; x_wconf 86' lang='lat' dir='ltr'><strong>ut</strong></span> <span class='ocrx_word' id='word_1_47' title='bbox 562 929 822 985; x_wconf 71' lang='lat' dir='ltr'><strong>Petram</strong></span> <span class='ocrx_word' id='word_1_48' title='bbox 875 940 1342 988; x_wconf 78' lang='lat' dir='ltr'><strong>exauctoratum</strong></span> <span class='ocrx_word' id='word_1_49' title='bbox 1387 942 1790 1002; x_wconf 84' lang='lat' dir='ltr'><strong>revocarent,</strong></span> 
     </span>
     <span class='ocr_line' id='line_1_10' title="bbox 109 1014 1790 1100; baseline -0.001 -25"><span class='ocrx_word' id='word_1_50' title='bbox 109 1037 309 1100; x_wconf 90' lang='lat' dir='ltr'><strong>eoque</strong></span> <span class='ocrx_word' id='word_1_51' title='bbox 370 1027 590 1096; x_wconf 79' lang='lat' dir='ltr'><strong>agente</strong></span> <span class='ocrx_word' id='word_1_52' title='bbox 652 1017 849 1074; x_wconf 80' lang='lat' dir='ltr'><strong>Abam</strong></span> <span class='ocrx_word' id='word_1_53' title='bbox 889 1014 1260 1077; x_wconf 75' lang='lat' dir='ltr'><strong>vocciderent</strong></span> <span class='ocrx_word' id='word_1_54' title='bbox 1333 1017 1515 1078; x_wconf 82' lang='lat'>1044.</span> <span class='ocrx_word' id='word_1_55' title='bbox 1570 1038 1790 1076; x_wconf 82' lang='lat' dir='ltr'><strong>verum</strong></span> 
     </span>
     <span class='ocr_line' id='line_1_11' title="bbox 111 1101 1794 1187; baseline -0.001 -23"><span class='ocrx_word' id='word_1_56' title='bbox 111 1127 226 1166; x_wconf 85' lang='lat' dir='ltr'><strong>nec</strong></span> <span class='ocrx_word' id='word_1_57' title='bbox 264 1107 440 1164; x_wconf 66' lang='lat' dir='ltr'><strong>Petra·</strong></span> <span class='ocrx_word' id='word_1_58' title='bbox 488 1105 764 1186; x_wconf 80' lang='lat' dir='ltr'><strong>regimen</strong></span> <span class='ocrx_word' id='word_1_59' title='bbox 807 1101 1071 1163; x_wconf 90' lang='lat' dir='ltr'><strong>multum</strong></span> <span class='ocrx_word' id='word_1_60' title='bbox 1122 1104 1200 1163; x_wconf 90' lang='lat' dir='ltr'><strong>ab</strong></span> <span class='ocrx_word' id='word_1_61' title='bbox 1248 1103 1376 1187; x_wconf 89' lang='lat' dir='ltr'><strong>ejus</strong></span> <span class='ocrx_word' id='word_1_62' title='bbox 1424 1103 1794 1177; x_wconf 86' lang='lat' dir='ltr'><strong>abludebat‚</strong></span> 
     </span>
     <span class='ocr_line' id='line_1_12' title="bbox 109 1191 1802 1276; baseline -0.002 -25"><span class='ocrx_word' id='word_1_63' title='bbox 109 1216 252 1251; x_wconf 89' lang='lat' dir='ltr'><strong>nam</strong></span> <span class='ocrx_word' id='word_1_64' title='bbox 280 1252 283 1259; x_wconf 79' lang='grc'>,</span> <span class='ocrx_word' id='word_1_65' title='bbox 310 1194 358 1251; x_wconf 84' lang='lat' dir='ltr'><strong>is</strong></span> <span class='ocrx_word' id='word_1_66' title='bbox 407 1213 521 1252; x_wconf 88' lang='lat' dir='ltr'><strong>nec</strong></span> <span class='ocrx_word' id='word_1_67' title='bbox 556 1192 874 1276; x_wconf 86' lang='lat' dir='ltr'><strong>prioribus</strong></span> <span class='ocrx_word' id='word_1_68' title='bbox 911 1191 1355 1254; x_wconf 80' lang='lat' dir='ltr'><strong>calamitatibus</strong></span> <span class='ocrx_word' id='word_1_69' title='bbox 1391 1208 1498 1252; x_wconf 85' lang='lat' dir='ltr'><strong>aut</strong></span> <span class='ocrx_word' id='word_1_70' title='bbox 1555 1194 1802 1275; x_wconf 74' lang='lat' dir='ltr'><strong>pericu-,-</strong></span> 
     </span>
     <span class='ocr_line' id='line_1_13' title="bbox 110 1279 1799 1364; baseline -0.001 -26"><span class='ocrx_word' id='word_1_71' title='bbox 110 1281 184 1340; x_wconf 82' lang='lat' dir='ltr'><strong>lis</strong></span> <span class='ocrx_word' id='word_1_72' title='bbox 227 1280 447 1341; x_wconf 85' lang='lat' dir='ltr'><strong>melior</strong></span> <span class='ocrx_word' id='word_1_73' title='bbox 503 1279 730 1355; x_wconf 82' lang='lat' dir='ltr'><strong>factus,</strong></span> <span class='ocrx_word' id='word_1_74' title='bbox 796 1282 919 1339; x_wconf 90' lang='lat' dir='ltr'><strong>imo</strong></span> <span class='ocrx_word' id='word_1_75' title='bbox 959 1280 1238 1363; x_wconf 87' lang='lat' dir='ltr'><strong>priorem</strong></span> <span class='ocrx_word' id='word_1_76' title='bbox 1272 1280 1662 1364; x_wconf 79' lang='lat' dir='ltr'><strong>tyrannidem</strong></span> <span class='ocrx_word' id='word_1_77' title='bbox 1696 1303 1799 1337; x_wconf 90' lang='lat' dir='ltr'><strong>ar·-</strong></span> 
     </span>
     <span class='ocr_line' id='line_1_14' title="bbox 109 1367 1795 1452; baseline -0.002 -24"><span class='ocrx_word' id='word_1_78' title='bbox 109 1371 381 1452; x_wconf 78' lang='lat' dir='ltr'><strong>ripiens,</strong></span> <span class='ocrx_word' id='word_1_79' title='bbox 459 1390 493 1425; x_wconf 92' lang='lat' dir='ltr'><strong>a</strong></span> <span class='ocrx_word' id='word_1_80' title='bbox 546 1367 882 1450; x_wconf 86' lang='lat' dir='ltr'><strong>conjuratis</strong></span> <span class='ocrx_word' id='word_1_81' title='bbox 946 1381 1198 1451; x_wconf 77' lang='lat' dir='ltr'><strong>eathS‚</strong></span> <span class='ocrx_word' id='word_1_82' title='bbox 1279 1370 1472 1429; x_wconf 85' lang='lat' dir='ltr'><strong>oculis</strong></span> <span class='ocrx_word' id='word_1_83' title='bbox 1538 1368 1795 1428; x_wconf 89' lang='lat' dir='ltr'><strong>orbatus</strong></span> 
     </span>
     <span class='ocr_line' id='line_1_15' title="bbox 110 1455 778 1517; baseline -0.003 0"><span class='ocrx_word' id='word_1_84' title='bbox 110 1457 290 1517; x_wconf 88' lang='lat' dir='ltr'><strong>brevi</strong></span> <span class='ocrx_word' id='word_1_85' title='bbox 328 1458 521 1515; x_wconf 77' lang='lat' dir='ltr'><strong>vitam</strong></span> <span class='ocrx_word' id='word_1_86' title='bbox 559 1455 778 1516; x_wconf 89' lang='lat' dir='ltr'><strong>finivit.</strong></span> 
     </span>
    </p>

    <p class='ocr_par' dir='ltr' id='par_1_4' title="bbox 112 1542 1799 1892">
     <span class='ocr_line' id='line_1_16' title="bbox 284 1542 1796 1625; baseline -0.001 -22"><span class='ocrx_word' id='word_1_87' title='bbox 284 1547 578 1604; x_wconf 76' lang='lat' dir='ltr'><strong>Andreas</strong></span> <span class='ocrx_word' id='word_1_88' title='bbox 614 1546 667 1602; x_wconf 77' lang='lat' dir='ltr'><strong>I.</strong></span> <span class='ocrx_word' id='word_1_89' title='bbox 713 1547 1005 1603; x_wconf 74' lang='lat' dir='ltr'><strong>Ladislai</strong></span> <span class='ocrx_word' id='word_1_90' title='bbox 1053 1547 1230 1605; x_wconf 76' lang='lat' dir='ltr'><strong>Calvi</strong></span> <span class='ocrx_word' id='word_1_91' title='bbox 1278 1542 1440 1604; x_wconf 83' lang='lat' dir='ltr'><strong>filius</strong></span> <span class='ocrx_word' id='word_1_92' title='bbox 1475 1542 1549 1603; x_wconf 82' lang='lat' dir='ltr'><strong>ad</strong></span> <span class='ocrx_word' id='word_1_93' title='bbox 1588 1564 1796 1625; x_wconf 83' lang='lat' dir='ltr'><strong>capes-</strong></span> 
     </span>
     <span class='ocr_line' id='line_1_17' title="bbox 113 1631 1796 1713; baseline -0.003 -20"><span class='ocrx_word' id='word_1_94' title='bbox 113 1631 372 1693; x_wconf 87' lang='lat' dir='ltr'><strong>sendum</strong></span> <span class='ocrx_word' id='word_1_95' title='bbox 420 1654 682 1713; x_wconf 83' lang='lat' dir='ltr'><strong>regnum</strong></span> <span class='ocrx_word' id='word_1_96' title='bbox 737 1654 814 1692; x_wconf 78' lang='lat' dir='ltr'><strong>ex</strong></span> <span class='ocrx_word' id='word_1_97' title='bbox 861 1634 1078 1690; x_wconf 84' lang='lat' dir='ltr'><strong>Russia</strong></span> <span class='ocrx_word' id='word_1_98' title='bbox 1121 1647 1482 1703; x_wconf 75' lang='lat' dir='ltr'><strong>revocatus,</strong></span> <span class='ocrx_word' id='word_1_99' title='bbox 1540 1631 1796 1711; x_wconf 80' lang='lat' dir='ltr'><strong>Hunga-</strong></span> 
     </span>
     <span class='ocr_line' id='line_1_18' title="bbox 112 1718 1799 1796; baseline -0.004 -14"><span class='ocrx_word' id='word_1_100' title='bbox 112 1744 214 1781; x_wconf 86' lang='lat' dir='ltr'><strong>ros</strong></span> <span class='ocrx_word' id='word_1_101' title='bbox 255 1721 331 1779; x_wconf 87' lang='lat' dir='ltr'><strong>ad</strong></span> <span class='ocrx_word' id='word_1_102' title='bbox 363 1720 791 1781; x_wconf 88' lang='lat' dir='ltr'><strong>Gentilismum</strong></span> <span class='ocrx_word' id='word_1_103' title='bbox 827 1719 1036 1779; x_wconf 89' lang='lat' dir='ltr'><strong>redire</strong></span> <span class='ocrx_word' id='word_1_104' title='bbox 1067 1721 1340 1781; x_wconf 88' lang='lat' dir='ltr'><strong>volentes</strong></span> <span class='ocrx_word' id='word_1_105' title='bbox 1364 1767 1380 1796; x_wconf 85' lang='lat'>,</span> <span class='ocrx_word' id='word_1_106' title='bbox 1436 1718 1636 1779; x_wconf 84' lang='lat' dir='ltr'><strong>edicto</strong></span> <span class='ocrx_word' id='word_1_107' title='bbox 1684 1720 1799 1778; x_wconf 81' lang='lat' dir='ltr'><strong>eti-</strong></span> 
     </span>
     <span class='ocr_line' id='line_1_19' title="bbox 114 1808 1795 1892; baseline -0.001 -25"><span class='ocrx_word' id='word_1_108' title='bbox 114 1833 212 1867; x_wconf 88' lang='lat' dir='ltr'><strong>am</strong></span> <span class='ocrx_word' id='word_1_109' title='bbox 268 1808 658 1891; x_wconf 82' lang='lat' dir='ltr'><strong>promulgato</strong></span> <span class='ocrx_word' id='word_1_110' title='bbox 724 1829 905 1889; x_wconf 80' lang='lat' dir='ltr'><strong>aegre</strong></span> <span class='ocrx_word' id='word_1_111' title='bbox 971 1808 1306 1868; x_wconf 85' lang='lat' dir='ltr'><strong>conciliare</strong></span> <span class='ocrx_word' id='word_1_112' title='bbox 1377 1810 1616 1892; x_wconf 85' lang='lat' dir='ltr'><strong>potuit:</strong></span> <span class='ocrx_word' id='word_1_113' title='bbox 1684 1828 1795 1865; x_wconf 86' lang='lat' dir='ltr'><strong>re-</strong></span> 
     </span>
    </p>
   </div>
   <div class='ocr_carea' id='block_1_3' title="bbox 111 1892 1834 1979">
    <p class='ocr_par' dir='ltr' id='par_1_5' title="bbox 111 1892 1834 1979">
     <span class='ocr_line' id='line_1_20' title="bbox 111 1892 1834 1979; baseline -0.002 -24"><span class='ocrx_word' id='word_1_114' title='bbox 111 1896 357 1979; x_wconf 81' lang='lat' dir='ltr'><strong>gnando</strong></span> <span class='ocrx_word' id='word_1_115' title='bbox 398 1897 709 1977; x_wconf 81' lang='lat' dir='ltr'><strong>Hungaris</strong></span> <span class='ocrx_word' id='word_1_116' title='bbox 752 1894 1022 1978; x_wconf 80' lang='lat' dir='ltr'><strong>profuit,</strong></span> <span class='ocrx_word' id='word_1_117' title='bbox 1060 1896 1176 1955; x_wconf 91' lang='lat' dir='ltr'><strong>sibi</strong></span> <span class='ocrx_word' id='word_1_118' title='bbox 1223 1918 1374 1956; x_wconf 89' lang='lat' dir='ltr'><strong>vero</strong></span> <span class='ocrx_word' id='word_1_119' title='bbox 1422 1896 1634 1955; x_wconf 85' lang='lat' dir='ltr'><strong>nocuit</strong></span> <span class='ocrx_word' id='word_1_120' title='bbox 1677 1892 1834 1952; x_wconf 79' lang='lat' dir='ltr'><strong>fra--</strong></span> 
     </span>
    </p>
   </div>
   <div class='ocr_carea' id='block_1_4' title="bbox 110 1982 1800 3010">
    <p class='ocr_par' dir='ltr' id='par_1_6' title="bbox 111 1982 1798 2311">
     <span class='ocr_line' id='line_1_21' title="bbox 112 1982 1798 2059; baseline -0.003 -14"><span class='ocrx_word' id='word_1_121' title='bbox 112 2001 275 2046; x_wconf 81' lang='lat' dir='ltr'><strong>trem</strong></span> <span class='ocrx_word' id='word_1_122' title='bbox 328 1987 556 2042; x_wconf 67' lang='lat' dir='ltr'><strong>Belum</strong></span> <span class='ocrx_word' id='word_1_123' title='bbox 592 2006 626 2044; x_wconf 89' lang='lat' dir='ltr'><strong>e</strong></span> <span class='ocrx_word' id='word_1_124' title='bbox 671 1984 921 2043; x_wconf 86' lang='lat' dir='ltr'><strong>Polonia</strong></span> <span class='ocrx_word' id='word_1_125' title='bbox 974 1983 1325 2059; x_wconf 76' lang='lat' dir='ltr'><strong>evocando,</strong></span> <span class='ocrx_word' id='word_1_126' title='bbox 1385 2006 1529 2042; x_wconf 89' lang='lat' dir='ltr'><strong>nam</strong></span> <span class='ocrx_word' id='word_1_127' title='bbox 1566 1982 1650 2043; x_wconf 88' lang='lat' dir='ltr'><strong>ob</strong></span> <span class='ocrx_word' id='word_1_128' title='bbox 1688 2005 1798 2041; x_wconf 85' lang='lat' dir='ltr'><strong>na·-</strong></span> 
     </span>
     <span class='ocr_line' id='line_1_22' title="bbox 112 2071 1798 2136; baseline -0.003 -3"><span class='ocrx_word' id='word_1_129' title='bbox 112 2089 246 2134; x_wconf 85' lang='lat' dir='ltr'><strong>tum</strong></span> <span class='ocrx_word' id='word_1_130' title='bbox 288 2076 672 2131; x_wconf 77' lang='lat' dir='ltr'><strong>Salomonem</strong></span> <span class='ocrx_word' id='word_1_131' title='bbox 710 2071 951 2131; x_wconf 86' lang='lat' dir='ltr'><strong>insidias</strong></span> <span class='ocrx_word' id='word_1_132' title='bbox 992 2073 1200 2132; x_wconf 85' lang='lat' dir='ltr'><strong>fratris</strong></span> <span class='ocrx_word' id='word_1_133' title='bbox 1256 2074 1653 2136; x_wconf 77' lang='lat' dir='ltr'><strong>evitarenon</strong></span> <span class='ocrx_word' id='word_1_134' title='bbox 1687 2092 1798 2128; x_wconf 87' lang='lat' dir='ltr'><strong>va·-</strong></span> 
     </span>
     <span class='ocr_line' id='line_1_23' title="bbox 113 2157 1798 2243; baseline -0.002 -23"><span class='ocrx_word' id='word_1_135' title='bbox 113 2163 281 2237; x_wconf 73' lang='lat' dir='ltr'><strong>lens,</strong></span> <span class='ocrx_word' id='word_1_136' title='bbox 324 2161 503 2220; x_wconf 83' lang='lat' dir='ltr'><strong>brevi</strong></span> <span class='ocrx_word' id='word_1_137' title='bbox 538 2162 602 2218; x_wconf 89' lang='lat' dir='ltr'><strong>in</strong></span> <span class='ocrx_word' id='word_1_138' title='bbox 637 2159 802 2219; x_wconf 90' lang='lat' dir='ltr'><strong>bello</strong></span> <span class='ocrx_word' id='word_1_139' title='bbox 837 2157 1147 2233; x_wconf 81' lang='lat' dir='ltr'><strong>fraterno,</strong></span> <span class='ocrx_word' id='word_1_140' title='bbox 1212 2161 1457 2243; x_wconf 81' lang='lat' dir='ltr'><strong>ungulis</strong></span> <span class='ocrx_word' id='word_1_141' title='bbox 1491 2179 1798 2241; x_wconf 80' lang='lat' dir='ltr'><strong>equorum</strong></span> 
     </span>
     <span class='ocr_line' id='line_1_24' title="bbox 111 2248 911 2311; baseline -0.005 -2"><span class='ocrx_word' id='word_1_142' title='bbox 111 2250 500 2311; x_wconf 85' lang='lat' dir='ltr'><strong>conculcatus</strong></span> <span class='ocrx_word' id='word_1_143' title='bbox 532 2248 690 2307; x_wconf 86' lang='lat' dir='ltr'><strong>obiit</strong></span> <span class='ocrx_word' id='word_1_144' title='bbox 727 2249 911 2308; x_wconf 81' lang='lat'>1061.</span> 
     </span>
    </p>

    <p class='ocr_par' dir='ltr' id='par_1_7' title="bbox 110 2335 1800 2949">
     <span class='ocr_line' id='line_1_25' title="bbox 288 2335 1799 2419; baseline -0.003 -24"><span class='ocrx_word' id='word_1_145' title='bbox 288 2341 451 2396; x_wconf 75' lang='lat' dir='ltr'><strong>Bela</strong></span> <span class='ocrx_word' id='word_1_146' title='bbox 499 2337 551 2394; x_wconf 87' lang='lat' dir='ltr'><strong>J.</strong></span> <span class='ocrx_word' id='word_1_147' title='bbox 598 2358 860 2419; x_wconf 81' lang='lat' dir='ltr'><strong>regnum</strong></span> <span class='ocrx_word' id='word_1_148' title='bbox 903 2337 1088 2399; x_wconf 86' lang='lat' dir='ltr'><strong>caede</strong></span> <span class='ocrx_word' id='word_1_149' title='bbox 1131 2335 1340 2397; x_wconf 86' lang='lat' dir='ltr'><strong>fratris</strong></span> <span class='ocrx_word' id='word_1_150' title='bbox 1393 2335 1799 2417; x_wconf 73' lang='lat' dir='ltr'><strong>acquisitum,</strong></span> 
     </span>
     <span class='ocr_line' id='line_1_26' title="bbox 113 2424 1800 2506; baseline -0.003 -22"><span class='ocrx_word' id='word_1_151' title='bbox 113 2428 279 2486; x_wconf 83' lang='lat' dir='ltr'><strong>inter</strong></span> <span class='ocrx_word' id='word_1_152' title='bbox 331 2425 714 2506; x_wconf 84' lang='lat' dir='ltr'><strong>gravissimas</strong></span> <span class='ocrx_word' id='word_1_153' title='bbox 757 2424 970 2485; x_wconf 86' lang='lat' dir='ltr'><strong>turbas</strong></span> <span class='ocrx_word' id='word_1_154' title='bbox 1007 2448 1184 2486; x_wconf 87' lang='lat' dir='ltr'><strong>causa</strong></span> <span class='ocrx_word' id='word_1_155' title='bbox 1224 2424 1541 2505; x_wconf 78' lang='lat' dir='ltr'><strong>religionis</strong></span> <span class='ocrx_word' id='word_1_156' title='bbox 1591 2424 1800 2480; x_wconf 86' lang='lat' dir='ltr'><strong>conci-</strong></span> 
     </span>
     <span class='ocr_line' id='line_1_27' title="bbox 110 2509 1798 2597; baseline -0.004 -26"><span class='ocrx_word' id='word_1_157' title='bbox 110 2527 262 2573; x_wconf 85' lang='lat' dir='ltr'><strong>tatas</strong></span> <span class='ocrx_word' id='word_1_158' title='bbox 286 2560 302 2589; x_wconf 82' lang='grc'>,</span> <span class='ocrx_word' id='word_1_159' title='bbox 349 2514 617 2573; x_wconf 79' lang='lat' dir='ltr'><strong>triennio</strong></span> <span class='ocrx_word' id='word_1_160' title='bbox 655 2515 890 2573; x_wconf 89' lang='lat' dir='ltr'><strong>tenuit:</strong></span> <span class='ocrx_word' id='word_1_161' title='bbox 959 2536 1075 2597; x_wconf 91' lang='lat' dir='ltr'><strong>pro</strong></span> <span class='ocrx_word' id='word_1_162' title='bbox 1115 2511 1284 2595; x_wconf 86' lang='lat' dir='ltr'><strong>cujus</strong></span> <span class='ocrx_word' id='word_1_163' title='bbox 1325 2512 1610 2570; x_wconf 88' lang='lat' dir='ltr'><strong>felicitate</strong></span> <span class='ocrx_word' id='word_1_164' title='bbox 1645 2509 1798 2591; x_wconf 81' lang='lat' dir='ltr'><strong>legi-</strong></span> 
     </span>
     <span class='ocr_line' id='line_1_28' title="bbox 114 2594 1794 2686; baseline -0.004 -25"><span class='ocrx_word' id='word_1_165' title='bbox 114 2602 229 2661; x_wconf 80' lang='lat' dir='ltr'><strong>bus</strong></span> <span class='ocrx_word' id='word_1_166' title='bbox 267 2600 533 2663; x_wconf 81' lang='lat' dir='ltr'><strong>ferendis</strong></span> <span class='ocrx_word' id='word_1_167' title='bbox 586 2602 855 2660; x_wconf 84' lang='lat' dir='ltr'><strong>intentus</strong></span> <span class='ocrx_word' id='word_1_168' title='bbox 891 2602 952 2661; x_wconf 89' lang='lat' dir='ltr'><strong>in</strong></span> <span class='ocrx_word' id='word_1_169' title='bbox 1008 2602 1243 2686; x_wconf 86' lang='lat' dir='ltr'><strong>oppido</strong></span> <span class='ocrx_word' id='word_1_170' title='bbox 1283 2602 1513 2658; x_wconf 69' lang='lat' dir='ltr'><strong>Demos</strong></span> <span class='ocrx_word' id='word_1_171' title='bbox 1550 2594 1794 2658; x_wconf 85' lang='lat' dir='ltr'><strong>aedium</strong></span> 
     </span>
     <span class='ocr_line' id='line_1_29' title="bbox 112 2689 1797 2774; baseline -0.002 -26"><span class='ocrx_word' id='word_1_172' title='bbox 112 2692 293 2748; x_wconf 82' lang='lat' dir='ltr'><strong>ruina</strong></span> <span class='ocrx_word' id='word_1_173' title='bbox 343 2710 667 2774; x_wconf 85' lang='lat' dir='ltr'><strong>oppressus</strong></span> <span class='ocrx_word' id='word_1_174' title='bbox 721 2691 911 2749; x_wconf 87' lang='lat' dir='ltr'><strong>vitam</strong></span> <span class='ocrx_word' id='word_1_175' title='bbox 972 2689 1205 2765; x_wconf 76' lang='lat' dir='ltr'><strong>finivit,</strong></span> <span class='ocrx_word' id='word_1_176' title='bbox 1268 2690 1451 2751; x_wconf 74' lang='lat'><strong>1065.</strong></span> <span class='ocrx_word' id='word_1_177' title='bbox 1511 2707 1797 2769; x_wconf 82' lang='lat' dir='ltr'><strong>magnam</strong></span> 
     </span>
     <span class='ocr_line' id='line_1_30' title="bbox 114 2775 1795 2861; baseline -0.003 -27"><span class='ocrx_word' id='word_1_178' title='bbox 114 2778 376 2858; x_wconf 74' lang='lat' dir='ltr'><strong>gloriam</strong></span> <span class='ocrx_word' id='word_1_179' title='bbox 425 2775 586 2861; x_wconf 82' lang='lat' dir='ltr'><strong>apud</strong></span> <span class='ocrx_word' id='word_1_180' title='bbox 630 2791 907 2859; x_wconf 86' lang='lat' dir='ltr'><strong>posteros</strong></span> <span class='ocrx_word' id='word_1_181' title='bbox 963 2777 1286 2838; x_wconf 87' lang='lat' dir='ltr'><strong>habiturus</strong></span> <span class='ocrx_word' id='word_1_182' title='bbox 1332 2780 1381 2837; x_wconf 90' lang='lat' dir='ltr'><strong>si</strong></span> <span class='ocrx_word' id='word_1_183' title='bbox 1422 2796 1614 2856; x_wconf 80' lang='lat' dir='ltr'><strong>regno</strong></span> <span class='ocrx_word' id='word_1_184' title='bbox 1668 2793 1795 2830; x_wconf 91' lang='lat' dir='ltr'><strong>n-on</strong></span> 
     </span>
     <span class='ocr_line' id='line_1_31' title="bbox 115 2862 1755 2949; baseline -0.003 -25"><span class='ocrx_word' id='word_1_185' title='bbox 115 2864 432 2944; x_wconf 81' lang='lat' dir='ltr'><strong>inhiasset,</strong></span> <span class='ocrx_word' id='word_1_186' title='bbox 479 2864 755 2949; x_wconf 82' lang='lat' dir='ltr'><strong>illudque</strong></span> <span class='ocrx_word' id='word_1_187' title='bbox 796 2866 958 2928; x_wconf 85' lang='lat' dir='ltr'><strong>bello</strong></span> <span class='ocrx_word' id='word_1_188' title='bbox 996 2868 1165 2929; x_wconf 87' lang='lat' dir='ltr'><strong>civili</strong></span> <span class='ocrx_word' id='word_1_189' title='bbox 1214 2887 1338 2927; x_wconf 85' lang='lat' dir='ltr'><strong>non</strong></span> <span class='ocrx_word' id='word_1_190' title='bbox 1383 2862 1755 2926; x_wconf 82' lang='lat' dir='ltr'><strong>involvisset.</strong></span> 
     </span>
    </p>

    <p class='ocr_par' dir='ltr' id='par_1_8' title="bbox 1532 2952 1717 3010">
     <span class='ocr_line' id='line_1_32' title="bbox 1532 2952 1717 3010; baseline -0.011 0"><span class='ocrx_word' id='word_1_191' title='bbox 1532 2952 1717 3010; x_wconf 76' lang='lat' dir='ltr'><strong>Salo--</strong></span> 
     </span>
    </p>
   </div>
  </div>
 </body>
</html>
