1940 3672
227 154 307 214 86
725 155 1161 214 Historia

129 333 300 396 liunt.
361 330 609 395 Tertius
675 330 833 393 ordo
887 347 978 395 est
1032 336 1257 412 Populi
1307 355 1436 419 quo
1494 336 1809 417 pertinent

120 428 549 496 Mercator-128,
597 423 706 503 qui
733 444 806 481 eo
822 421 1123 502 majorem
1142 439 1461 506 quaestum
1493 434 1806 489 exercent,

123 510 297 596 quod
344 513 488 594 ipsis
526 523 661 568 tuto
730 531 844 591 per
904 510 1166 570 Galliam
1217 512 1517 594 negotiari
1580 509 1798 574 liceat3

125 614 262 661 tum
296 596 467 682 quod
506 595 744 655 nobiles
761 595 994 656 nullam
1026 613 1440 658 mercaturam
1459 608 1803 658 exerceant:

125 686 222 748 his
245 685 653 745 conferuntur
699 695 1066 763 quaesturae
1084 698 1146 744 et
1176 689 1440 746 rationes
1461 683 1806 754 aerarialeS‚

124 778 274 835 item
292 774 484 832 officia
502 768 580 828 ad
601 771 1044 832 commercium
1063 776 1531 855 pertinentia3ex
1549 770 1641 832 his
1658 770 1813 829 fiunt

127 860 474 922 administri
496 856 669 940 juris,
688 854 988 933 advocati,
1010 879 1334 922 causarum
1353 875 1810 946 p1·ocuratoreS‚

123 949 366 1010 scribae
387 960 500 1007 etc.
520 942 596 1004 ad
615 965 804 1027 quem
822 944 1108 1007 ordinem
1141 950 1326 1010 etiam
1359 950 1610 1010 alterius
1640 945 1811 1008 ordi-

119 1039 215 1098 nis
271 1032 522 1095 student
582 1034 912 1116 pervenire
987 1034 1072 1093 ob
1154 1036 1658 1097 emolumentum.
1732 1035 1806 1092 In

125 1138 359 1208 quarto
397 1120 618 1182 ordine
657 1134 747 1182 est
789 1125 1015 1199 vulgas
1066 1144 1175 1184 seu
1212 1126 1323 1206 qui
1363 1146 1542 1206 agros
1595 1121 1812 1182 colunt

128 1227 192 1272 et
216 1213 416 1272 omnis
450 1211 691 1292 generis
729 1208 987 1269 artificia
1043 1223 1340 1288 tractant3
1388 1227 1450 1272 et
1480 1210 1543 1270 hi
1574 1232 1651 1270 ne
1676 1208 1809 1292 ple—

122 1324 203 1360 na
234 1299 527 1359 fruantur
560 1297 880 1373 libertate,
926 1312 1031 1357 aut
1074 1302 1334 1361 nimium
1369 1303 1493 1362 sint
1544 1297 1767 1357 divites
1791 1342 1809 1371 ,

123 1389 227 1449 vel
259 1391 321 1446 in
357 1387 540 1447 armis
563 1387 920 1461 exercitati,
945 1408 1071 1447 non
1110 1401 1201 1449 est
1222 1389 1572 1449 consultum
1592 1432 1609 1462 ‚
1654 1407 1815 1468 quo-

122 1479 289 1537 niam
314 1475 629 1534 servitutis
662 1472 1079 1536 conditionem
1100 1478 1268 1537 omni
1292 1491 1574 1558 tempore
1594 1494 1807 1533 omnes

122 1564 429 1635 odissent,
461 1561 637 1621 facile
668 1584 838 1621 arma
878 1577 1168 1644 caperent
1206 1578 1269 1625 et
1293 1565 1673 1648 potentiores
1697 1582 1810 1644 op-

123 1655 507 1739 primerent3
551 1662 827 1710 ceterum
864 1665 926 1711 et
956 1650 1018 1713 hi
1064 1665 1292 1712 statum
1315 1674 1491 1711 suum
1528 1649 1815 1733 deplora-

119 1765 191 1806 re
231 1762 357 1801 non
398 1751 680 1821 possunt,
748 1739 894 1819 quia
939 1740 1123 1799 etiam
1158 1738 1276 1798 illis
1333 1737 1425 1820 jus
1475 1737 1814 1820 aequabili-=

120 1847 221 1891 ter
257 1828 721 1889 administratur
744 1872 758 1899 ,
806 1840 1071 1886 utuntur
1114 1828 1279 1885 enim
1308 1848 1376 1886 ea
1408 1825 1716 1896 libertate,
1737 1836 1811 1882 ut

128 1941 238 1979 sua
276 1919 510 1978 virtute
544 1927 607 1975 et
631 1912 930 1974 industria
953 1913 1029 1977 ad
1060 1913 1444 1996 reipublicae
1477 1915 1670 1975 officia
1703 1911 1811 1970 ad-

122 2004 491 2074 hibeantur,
537 2015 600 2062 et
649 2000 726 2062 ad
784 2006 1059 2086 primum
1104 2023 1173 2062 ac
1220 2004 1477 2063 tertium
1520 2000 1806 2063 ordinem

122 2115 442 2176 emergere
474 2090 726 2174 possint,
774 2113 900 2152 non
920 2114 1072 2152 vero
1101 2090 1179 2150 ad
1208 2088 1546 2151 secundum
1567 2111 1675 2149 seu
1701 2110 1812 2148 no·-

124 2183 432 2244 hilitatem
468 2180 585 2239 nisi
623 2178 916 2259 singulari
949 2182 1112 2263 regis
1153 2177 1474 2254 beneficiO,
1514 2176 1687 2261 quod
1724 2190 1812 2235 ta„

125 2293 272 2333 men
325 2271 462 2329 Rex
504 2268 813 2349 impertiri
862 2267 1016 2329 solet
1082 2289 1199 2350 pro
1255 2265 1544 2328 exhibitis
1592 2268 1655 2324 in
1702 2288 1812 2348 pa*

132 2361 320 2419 triam
341 2357 874 2439 praestantissimis
893 2355 1247 2419 virtutibus.
1274 2355 1455 2429 Quod
1477 2368 1649 2416 certo
1668 2375 1820 2437 prus-

132 2447 284 2508 dens
331 2445 686 2503 institutum
717 2458 837 2519 est,
881 2458 949 2503 ut
972 2442 1248 2505 homines
1280 2446 1532 2528 premiis
1568 2443 1818 2503 excitati

132 2539 366 2597 virtute
402 2529 777 2590 contendant
818 2531 895 2591 ad
917 2531 1179 2614 gradum
1203 2531 1545 2592 nobilitatis
1580 2529 1813 2590 elucta—

128 2626 187 2684 ri
210 2668 225 2694 ,
272 2621 567 2704 quoniam
600 2620 762 2679 viam
786 2619 1149 2703 patefactam
1177 2642 1301 2680 esse
1334 2633 1625 2693 noscant3
1674 2616 1814 2675 hinc

129 2732 312 2793 saepe
349 2731 426 2771 ex
456 2704 670 2765 humili
702 2708 836 2768 loco
885 2708 961 2768 ad
1005 2730 1316 2770 summum
1374 2708 1678 2788 fastigium
1721 2707 1811 2762 vi—

134 2803 348 2862 demus
386 2794 547 2857 bene
577 2794 653 2855 de
693 2797 1008 2879 republica
1056 2800 1306 2857 meritos
1338 2797 1684 2881 pervenire.
1724 2793 1815 2852 Ex

138 2889 234 2953 his
263 2887 454 2970 igitur
494 2885 670 2967 regni
707 2883 1031 2944 ordinibus
1061 2886 1215 2945 solet
1241 2887 1573 2968 quotannis
1614 2881 1815 2941 caleni-

140 2978 233 3043 dis
272 2970 425 3056 Ma'ji
463 2971 779 3056 publicum
810 2975 1153 3035 Concilium
1211 2973 1663 3035 parlamentum
1714 2969 1818 3029 di„

1569 3073 1739 3123 ctum
