1940 3672
429 208 752 264 Gallorum
795 212 857 258 et
912 201 1316 258 Francorum.
1484 201 1605 261 115

16 380 156 441 dam
195 385 445 442 nomine
471 381 759 438 Jolzanna.
785 373 1245 459 Lotharingica‚
1291 376 1313 455 (
1336 373 1509 458 juxta
1542 374 1691 435 alios

12 467 509 541 Aurelianensis)
557 464 634 524 de
681 467 1021 546 improviso
1077 466 1209 546 regi
1273 466 1565 547 apparuit
1597 462 1691 522 di-

19 579 188 617 cens:
237 578 299 615 se
347 555 638 612 divinitus
689 555 929 609 missam
979 555 1199 612 venire
1252 566 1322 611 ut
1379 550 1691 611 obsessam

17 645 240 702 urbem
281 642 608 699 Aureliam
652 638 979 712 liberaret,
1028 655 1089 699 et
1127 662 1266 699 eum
1305 640 1541 721 Regem
1575 660 1692 699 co·-

18 744 298 801 ronaret‚
344 747 501 808 quae
533 727 674 785 licet
700 748 854 785 vana
888 730 1214 809 promissio
1237 740 1409 800 esset,
1450 742 1695 786 utrum-

21 840 142 899 que
177 831 376 875 tamen
402 813 698 895 pelfecit3
745 813 914 895 cujus
938 817 1027 873 rei
1075 815 1235 873 fama
1274 814 1547 896 vulgata,
1580 816 1699 875 mi-

22 902 229 963 laculo
276 903 449 983 quasi
497 903 740 960 attoniti
784 901 995 983 Angli,
1042 899 1162 982 jam
1211 902 1311 961 vel
1359 901 1434 960 ad
1472 925 1700 963 nomen

16 994 266 1049 Puellae
308 1000 366 1046 t1
371 989 739 1071 epidabant
787 1011 944 1069 quae
990 992 1188 1072 leipsa
1226 1003 1553 1071 postquam
1584 989 1697 1049 diu

16 1077 322 1158 flagellum
366 1077 614 1158 Angloi
623 1099 726 1134 um
778 1075 1027 1149 fuisset,
1074 1076 1321 1136 tandem
1373 1091 1588 1159 capta,
1633 1093 1700 1138 et

20 1168 168 1224 artis
216 1126 511 1245 Magicaeo
542 1178 811 1222 accusata
851 1163 1171 1222 combusta
1217 1178 1324 1222 est.
1416 1166 1561 1223 Post
1591 1186 1700 1223 cu-

20 1250 113 1336 jus
148 1251 420 1324 obitum,
465 1252 699 1334 Anglos
734 1252 917 1311 semel
966 1250 1171 1310 subito
1217 1263 1452 1310 terrore
1490 1273 1702 1312 corre-

18 1355 187 1424 ptos⁹
236 1355 296 1400 et
334 1341 448 1399 sub
475 1342 826 1399 minorenni
850 1362 994 1422 rege
1012 1340 1267 1399 sinistris
1293 1339 1531 1398 casibus
1569 1351 1703 1397 tur-

20 1429 229 1501 batos,
278 1441 445 1486 tanta
501 1429 667 1487 clade
734 1430 994 1485 Carolus
1041 1428 1279 1501 affecit,
1340 1441 1410 1486 ut
1467 1449 1568 1487 eos
1622 1450 1702 1487 ex

22 1530 155 1575 toto
191 1537 383 1597 regno
419 1514 777 1597 depelleret,
824 1527 885 1574 et
924 1515 1327 1597 Aquitaniam
1374 1517 1459 1575 eis
1500 1516 1706 1598 eripe-

22 1616 134 1675 ret,
153 1624 276 1684 qua
314 1607 631 1663 occasione
678 1606 937 1661 Carolus
962 1604 1231 1662 Lutetias
1269 1604 1520 1663 veniens
1546 1606 1707 1662 San-

27 1694 288 1750 ctionem
331 1695 806 1769 Pragmaticam
838 1690 1139 1772 publicari
1177 1693 1440 1765 curavit,
1477 1703 1540 1750 et
1571 1694 1706 1749 Lu-

24 1780 304 1837 dovieam
364 1777 562 1836 filium
627 1778 923 1838 rebellem
982 1780 1126 1838 licet
1171 1780 1233 1835 in
1283 1777 1708 1861 Burgundiam

28 1867 325 1949 fugasset,
371 1868 423 1925 ei
467 1880 671 1926 tamen
716 1867 897 1927 1461.
932 1882 1179 1926 mortuo
1214 1868 1514 1926 successit.
1549 1869 1619 1948 a)

187 1955 354 2013 VIII.
401 1957 753 2013 Ladovicus
792 1954 903 2012 XI.
945 1955 1241 2037 Princeps
1272 1953 1566 2014 subdolus
1602 1952 1710 2015 sed

29 2043 299 2125 prudens
322 2088 337 2116 ‚
384 2057 598 2101 contra
650 2063 838 2123 quem
878 2043 1168 2103 Proceres
1208 2045 1379 2123 regni
1416 2046 1711 2103 associato

28 2131 146 2190 sibi
201 2133 421 2187 Carolo
467 2133 814 2206 Bargmzclo
857 2129 1091 2190 bellum
1143 2130 1460 2213 publicum
1495 2153 1714 2191 move-

30 2232 178 2277 runt
205 2263 220 2289 ‚
267 2239 539 2300 quorum
575 2232 775 2278 tamen
806 2218 1054 2278 consilia
1077 2217 1407 2302 prudentia
1451 2241 1557 2277 sua
1593 2218 1718 2279 dis-

29 2308 290 2389 sipavit,
339 2305 621 2365 omnibus
658 2326 974 2388 quaequae
999 2321 1284 2390 peterent
1321 2305 1567 2367 abunde
1602 2310 1716 2365 tri-

30 2393 312 2471 buend03
356 2392 680 2453 distractos
719 2396 801 2454 ita
847 2416 882 2452 a
939 2416 1002 2455 se
1040 2397 1307 2455 invicem
1335 2441 1352 2470 ,
1407 2394 1552 2455 dein
1586 2397 1714 2455 sin-

34 2484 206 2565 gulos
235 2496 326 2541 est
369 2504 660 2564 agressus,
752 2483 981 2541 Contra
1019 2485 1359 2565 potentiam
1392 2505 1545 2544 vero
1596 2486 1716 2542 Ca·-

38 2576 157 2629 rolc'
210 2568 532 2651 Burgundi
578 2572 849 2629 munivit
899 2594 962 2631 se
995 2570 1257 2654 Angliae
1301 2573 1490 2654 Regis
1524 2573 1716 2632 Mini-

41 2661 180 2718 stris
220 2679 421 2718 annua
459 2657 764 2741 stipendia
818 2658 1149 2733 solvendo,
1214 2673 1284 2719 ut
1328 2681 1541 2741 regem
1582 2658 1714 2717 An-

39 2745 197 2826 gliae
241 2746 321 2805 ab
388 2744 729 2806 invadenda
779 2745 979 2804 Gallia
1034 2748 1462 2822 continerent,
1522 2760 1720 2829 utque

833 2835 877 2890 lz
1524 2855 1630 2894 eos

110 3033 170 3104 a)
209 3034 270 3088 P.
306 3031 591 3084 Aemilian.
632 3034 690 3083 L.
732 3031 812 3085 10.
848 3032 1105 3104 Polydor.
1137 3031 1201 3084 L.
1236 3029 1322 3085 23.
1358 3029 1497 3084 Phil.
1527 3028 1715 3083 Comi-

204 3121 384 3156 naeus.
421 3102 484 3156 L.
517 3101 564 3154 1.
590 3134 658 3142 —
696 3101 745 3155 4.
