1940 3672
585 170 1211 248 Hungaroram.
1555 167 1679 229 599

263 352 588 411 Emeriezcs
605 349 862 411 fratrem
892 369 1068 409 suum
1105 352 1426 410 Andrean}
1441 347 1766 409 adversum

85 458 150 502 se
192 434 518 500 factionem
555 440 788 498 iteratis
834 437 1077 496 vicibus
1129 439 1486 499 molientem
1535 440 1758 520 insigni

89 528 363 588 facinore
408 547 702 609 superans
726 570 742 600 ,
785 525 1296 585 incarcerandum
1336 528 1578 585 curavit
1611 571 1625 599 ,
1669 527 1767 584 cui

91 626 296 674 tamen
336 613 478 674 inde
515 611 763 672 dimisso
801 626 862 672 et
894 613 1322 689 reconciliato,
1362 612 1469 672 filii
1501 615 1594 673 sui
1635 618 1769 672 La·-

89 705 277 759 dislai
334 700 577 759 infantis
619 698 872 759 tutelam
915 703 1342 775 committens,
1390 700 1552 761 bello
1580 714 1768 783 etpa-

88 810 159 848 ce
192 788 391 848 clarus
422 786 677 847 decessit
716 788 897 847 1204.
945 786 1132 866 Cujus
1152 786 1261 845 filii
1297 792 1590 847 Laclislai
1626 811 1768 848 cau—

88 898 152 934 sa
202 878 362 934 inter
415 877 794 951 Leopolclam
839 875 1126 934 Austriae
1162 874 1382 935 ducem
1418 891 1479 937 et
1512 878 1765 958 Hunga-

81 984 226 1035 1⁶08,
291 961 421 1037 fere
479 961 713 1039 bellum
763 959 1174 1020 inchoandum
1228 978 1401 1037 erat,
1460 966 1572 1024 nisi
1632 967 1765 1022 La—

82 1053 266 1109 clc'slai
301 1048 546 1109 infantis
589 1070 754 1108 mors
801 1052 1229 1110 intervenisset
1265 1051 1448 1111 1205.

67 1198 85 1208 ,,
257 1140 550 1197 Andreas
574 1141 660 1194 II.
708 1136 1303 1218 Hierosolymitanus
1336 1138 1550 1214 dictus,
1595 1135 1764 1222 quod

83 1224 539 1308 expeditionem
569 1228 629 1285 in
652 1238 884 1285 terram
906 1225 1186 1284 Sanctam
1218 1230 1608 1310 suscepisset:
1649 1250 1767 1284 un-

86 1311 164 1371 de
194 1335 474 1373 reversus
491 1335 637 1373 mox
663 1335 856 1395 regno
875 1314 1301 1395 componendo
1320 1317 1605 1389 intentUS,
1629 1336 1766 1395 spe-—

86 1399 345 1459 cialibus
376 1404 671 1461 concessis
704 1402 1169 1484 praerogativis,
1203 1403 1502 1462 nobilium
1529 1404 1763 1462 animos

80 1488 197 1548 sibi
244 1487 525 1547 devinxit
591 1510 705 1570 per
756 1491 840 1547 sic
876 1486 1100 1546 dictam
1149 1492 1404 1548 Bzcllcmz
1440 1496 1761 1563 Auream,

39 1596 42 1600 ·
78 1575 571 1658 salutaribusque
609 1576 886 1636 Decretis
929 1575 1372 1658 rempublicam
1411 1577 1760 1654 ordinavit,

97 1666 530 1722 Colomannam
586 1663 780 1722 filium
816 1665 877 1721 in
929 1663 1201 1723 Haliciae
1263 1686 1523 1748 regnum
1581 1688 1766 1750 repo„-

82 1753 219 1810 suit.
264 1753 418 1809 Cum
461 1755 780 1809 Friclerico
838 1750 1157 1811 Austriaco
1198 1775 1449 1834 gravem
1504 1753 1762 1813 dimica—

92 1839 322 1897 tionem
363 1836 611 1910 habuit,
671 1837 837 1898 unde
889 1840 1091 1898 victor
1121 1863 1409 1902 reversus
1457 1841 1591 1903 lites
1636 1844 1760 1903 Re-

86 1946 226 2006 gem
273 1928 436 1985 inter
476 1941 536 1986 et
587 1925 836 1985 Clerum
876 1927 956 1986 ob
984 1928 1430 1989 Saracenorum
1470 1932 1534 1988 in
1580 1929 1762 1989 Chri-

82 2014 302 2073 stianos
335 2015 730 2095 grassationes
751 2029 989 2074 exortas
1014 2015 1355 2098 prudenter
1378 2021 1724 2102 composuit
1746 2044 1762 2096 3

85 2122 330 2182 cunque
375 2123 407 2160 e
471 2115 564 2160 tot
615 2101 788 2160 malis
836 2105 1175 2186 respirans,
1241 2108 1451 2186 quiete
1514 2105 1757 2188 perfrui

81 2192 396 2270 potuisset,
436 2192 628 2248 vitam
659 2187 861 2249 finivit
904 2192 1083 2251 1255.
1129 2192 1400 2277 sepultus
1448 2193 1757 2254 Varadini.

82 2275 164 2354 a)
209 2279 496 2337 successit
536 2279 591 2336 ei
630 2275 805 2336 filius.

234 2367 397 2422 Bela
441 2366 559 2423 IV.
606 2365 835 2425 Severa
878 2385 983 2424 sua
1033 2366 1247 2450 agendi
1296 2369 1535 2430 ratione
1575 2371 1756 2429 initio

82 2450 519 2535 Hungarorum
574 2455 808 2513 animos
863 2453 1016 2514 adeo
1063 2479 1096 2513 a
1128 2478 1190 2516 se
1235 2457 1643 2532 abalienavit,
1684 2472 1756 2517 ut

80 2538 361 2622 Hungari
423 2543 810 2601 Friderc'cum
861 2541 938 2601 ad
993 2545 1431 2626 capassendum
1489 2569 1755 2627 regnum

76 2631 503 2705 evocaverint,
549 2651 675 2713 quo
705 2629 970 2705 devicto,
996 2635 1277 2693 restituta
1311 2634 1476 2694 domi
1523 2636 1754 2716 quiete,

1471 2743 1667 2804 qulm

146 2901 222 2973 a)
258 2901 491 2956 Tur002.
526 2905 584 2956 P.
624 2904 672 2955 2.
708 2924 755 2960 c.
795 2903 885 2965 82.
945 2905 1028 2959 72.
1077 2905 1329 2958 Monach.
1377 2903 1617 2958 Patavin.
1662 2923 1748 2975 ap.

232 2972 686 3116 [ὑῖἔέῐίἒεὶιέῐῗὲῗέ.
711 2975 857 3048 Llp.
893 2975 1009 3036 587.
1048 2977 1288 3047 Dlugoss.
1342 2978 1407 3030 L.
1455 2973 1502 3027 6.
1539 2975 1751 3028 Bonfin.
