1940 3672
230 164 308 222 58
790 168 1232 226 Historia

133 355 275 425 post
315 343 560 404 obitum
599 343 811 405 fratris
853 349 946 406 sui
987 349 1242 425 Josephi
1286 349 1337 405 I.
1387 347 1541 429 Imp.
1591 345 1820 408 electus

130 431 252 491 fuit
296 434 668 492 Germaniae
711 436 1060 516 Imperator
1105 437 1358 497 nomine
1412 437 1626 493 Caroli
1699 438 1816 493 VI.

129 543 260 602 quo
300 519 462 580 facto
508 521 753 583 tandem
793 523 1159 584 diuturnum
1192 524 1423 606 bellum
1450 569 1467 599 ,
1514 544 1642 604 quo
1679 545 1820 580 rara

128 622 291 668 aetas
325 612 642 668 cruentius
666 608 856 683 vidit,
905 631 1055 692 pace
1090 612 1499 695 Ultrajectina
1538 613 1721 671 1714.
1750 610 1821 668 fi-

126 700 330 754 nitum
376 710 466 756 est
490 718 560 754 ea
605 695 775 776 lege:
825 712 893 755 ut
940 701 1365 775 PhiltppasV.
1402 703 1666 760 retineat
1702 699 1820 757 Hi-

122 787 420 866 spaniam,
459 798 521 843 et
553 782 927 861 Americam3
956 785 1108 846 aliae
1139 810 1292 848 vero
1308 790 1667 870 provinciae
1709 809 1819 844 an-

122 888 220 931 tea
257 873 682 955 Hispanorum
720 873 986 955 imperio
1032 873 1376 955 subjectae,
1408 879 1499 935 uti
1534 876 1818 957 Belgium

118 961 545 1044 Hispanicum,
588 961 879 1042 Regnum
911 963 1410 1046 Neapolitanum,
1445 963 1822 1037 Sardiniam,

117 1062 182 1108 et
250 1050 559 1109 Ducatum
605 1047 1132 1113 Mediolanensem
1203 1053 1440 1117 Domus
1485 1051 1814 1112 Austriaca

117 1137 415 1197 obtineat.

276 1226 417 1285 VII.
468 1227 799 1302 Philippus
852 1231 927 1286 V.
968 1229 1265 1312 Princeps
1290 1225 1810 1308 Andegavensise

113 1315 318 1373 Domo
386 1315 785 1375 Boarbonica
842 1329 981 1398 post
1034 1339 1224 1399 grave
1304 1330 1366 1377 et
1441 1316 1811 1375 diuturnum

111 1416 572 1485 cruentumque
606 1402 839 1463 bellum
898 1425 1041 1463 cum
1087 1407 1290 1464 Domo
1350 1403 1681 1464 Austriaca
1733 1403 1811 1466 de

111 1494 489 1552 successione
504 1505 775 1571 gestum,
822 1491 1071 1555 tandem
1089 1496 1151 1551 vi
1186 1495 1351 1576 pacis
1385 1496 1813 1568 Ul151·ch‘ec:1fen⁷ae

111 1583 203 1636 sis.
220 1581 505 1660 Regnum
540 1579 870 1663 Hispaniae
898 1580 1192 1655 obtinuit,
1233 1603 1363 1665 quo
1387 1603 1513 1640 non
1550 1597 1811 1641 conten-

110 1682 206 1725 tus
252 1690 398 1725 mox
432 1666 677 1728 Siciliae
722 1682 784 1728 et
816 1667 1139 1729 Sardiniae
1186 1692 1450 1751 regnum
1487 1669 1811 1729 devastan-

114 1755 195 1814 do
233 1755 557 1835 subigenS,
593 1755 786 1816 breve
805 1756 1136 1817 admodum
1159 1758 1602 1840 imperiumibi
1629 1780 1807 1817 exer-

107 1866 253 1904 cere
294 1845 534 1926 potuit,
581 1866 720 1903 nam
743 1867 946 1926 pugna
969 1846 1171 1907 navali
1212 1845 1289 1904 ad
1311 1846 1638 1925 Syracusas
1660 1868 1809 1928 pro-

104 1932 388 2013 fligatuS,
454 1952 605 2016 pace
677 1936 1132 1993 Vindobonensi
1212 1936 1399 1996 1725.
1448 1936 1613 1993 intra
1665 1954 1806 1995 suos

109 2020 337 2080 limites
398 2041 464 2080 se
527 2017 847 2082 retrahere
899 2021 1154 2101 debuit,
1221 2025 1334 2105 qui
1381 2021 1647 2084 durante
1689 2019 1807 2082 hoc

110 2108 278 2168 bello
317 2129 612 2167 coronam
632 2109 968 2193 Hispaniae
1010 2110 1329 2195 deponens
1387 2114 1572 2174 1724.
1635 2113 1700 2170 in
1736 2109 1809 2171 fi*

105 2196 261 2256 lium
293 2218 471 2256 suum
533 2200 921 2259 Ludoviczim
980 2202 1032 2258 I.
1096 2202 1455 2283 Principem
1506 2200 1801 2259 Asturiae

102 2285 453 2359 transtulit,
516 2284 621 2345 sed
665 2288 715 2344 is
763 2302 985 2349 octavo
1034 2289 1282 2371 imperii
1338 2309 1546 2348 mense
1601 2311 1797 2370 quum

100 2388 385 2434 mortuus
422 2387 576 2434 esset
601 2419 616 2448 ,
650 2375 778 2456 ipse
811 2379 1141 2451 Philippus
1160 2375 1575 2459 gubernacula
1599 2398 1799 2437 susce-

98 2465 231 2548 pit:
282 2464 430 2544 quia
466 2474 605 2545 post
639 2465 812 2521 varia
859 2464 1268 2524 funestissima
1300 2465 1461 2525 bella
1479 2486 1622 2524 cum
1639 2465 1798 2527 Ger-
1845 2471 1848 2474 ⁴

99 2552 328 2625 maniS,
376 2550 544 2609 Italis
569 2596 586 2623 ,
626 2550 886 2633 aliisque
924 2554 1209 2636 Europae
1256 2554 1541 2635 gentibus
1562 2553 1638 2614 de
1662 2576 1796 2612 suc-

101 2640 376 2699 cessione
412 2639 735 2697 Austriaca
756 2639 1086 2701 infeliciter
1105 2656 1374 2723 gesserat
1391 2688 1405 2717 ,
1424 2641 1583 2702 obiit
1607 2645 1680 2703 17
1691 2644 1790 2703 46.

257 2727 424 2785 VHl.
474 2730 906 2789 Ferdinandzis
947 2733 1033 2786 II.
1083 2733 1366 2806 Philippi
1418 2735 1491 2788 V.
1520 2752 1553 2789 e
1590 2732 1789 2813 prima

95 2836 298 2874 uxore
344 2814 644 2874 secundus
679 2813 874 2891 filius,
912 2816 1145 2878 bellum
1184 2819 1466 2878 Italicum
1506 2840 1623 2900 pro
1648 2839 1788 2876 suc-

93 2905 367 2963 cessione
428 2902 754 2989 Ausntriaca
833 2909 1233 2980 continuanS,
1335 2905 1584 2966 tandem
1632 2928 1783 2990 pace

96 2993 608 3073 Aquisgranensi
676 2996 859 3059 1746.
922 2994 1164 3056 felicem
1218 2994 1404 3058 finem
1472 3010 1777 3057 assecutus

1565 3098 1689 3159 est²
