1940 3672
618 161 1207 215 Borassoram.
1545 160 1672 222 289

78 354 288 426 patum
332 361 366 397 a
408 334 854 396 'rm-comannis
915 355 1180 415 regnum
1240 333 1762 423 Hierosolymita-

77 452 228 488 num
271 429 333 483 in
389 426 698 504 Europam
766 424 1324 503 transmigrarunt,
1388 430 1590 511 iisque
1644 431 1762 491 sub

80 539 189 600 spe
256 513 528 572 melioris
586 528 896 567 successus
940 510 1328 573 Culmensem
1385 527 1652 576 tractum
1703 534 1769 580 et

89 598 390 687 quidquid
464 600 625 655 inter
690 595 993 655 Vistulam
1053 619 1123 657 ac
1169 600 1514 663 Druencios
1547 603 1770 669 fluvios

82 703 218 749 erat
280 683 562 757 tradidit3
627 684 737 765 qui
792 685 976 742 etiam
1046 685 1228 746 brevi
1291 690 1545 752 Prussos
1596 695 1769 756 vice-

75 790 256 849 runt,
299 775 372 831 iis
409 771 780 852 religionem
819 769 1230 834 Christianam
1262 793 1725 861 proposuerunt
1749 828 1769 858 ,

87 864 470 923 leormcium
526 872 596 917 ut
657 858 974 940 religionis
1025 861 1268 922 Urbem
1318 866 1772 948 condiderunt3

75 954 284 1031 sicque
335 944 1202 1020 crescente‚Christianorum
1261 973 1525 1015 numero
1564 957 1773 1039 plures

79 1038 479 1120 Episcopatus
526 1036 755 1095 sensim
807 1034 1045 1116 fundati
1097 1051 1284 1113 sunt,
1344 1057 1648 1126 erantque
1707 1047 1774 1104 in

74 1122 301 1183 ducatu
362 1124 685 1183 Borussico
755 1122 878 1182 duo
951 1123 1240 1208 Episcopi
1302 1131 1777 1194 nominatissimi

74 1213 203 1272 uti:
272 1212 588 1269 Sabim-sis
637 1212 742 1293 qui
789 1213 1190 1292 Regiomonti
1223 1235 1334 1274 seu
1383 1219 1778 1300 Konigsber-

73 1322 188 1383 gae
241 1299 448 1371 sedet,
492 1300 640 1359 item
690 1302 1197 1359 Pomescmiensis·
1233 1304 1344 1383 qui
1384 1305 1450 1363 in
1504 1305 1781 1368 Marien-

78 1387 334 1450 werden
395 1384 673 1461 habitat,
719 1385 949 1468 quibus
1003 1386 1348 1469 jurisdictio
1394 1393 1780 1456 Ecclesiasti-

80 1498 150 1535 ca
197 1478 436 1557 integra
492 1488 554 1535 et
586 1497 713 1534 non
763 1473 1057 1557 impedita
1107 1490 1213 1538 est.
1304 1479 1564 1561 Equites
1620 1485 1780 1543 Cru-

76 1566 271 1646 cigeri
306 1567 366 1623 in
398 1564 678 1623 Borussia
705 1563 864 1621 sicut
890 1565 1270 1645 posessiones
1309 1567 1393 1626 ita
1421 1572 1607 1629 etiam
1639 1595 1777 1635 rem

79 1651 487 1712 Christianam
568 1665 995 1734 propagarunt
1055 1667 1119 1713 et
1167 1672 1622 1718 conservarunt
1679 1683 1782 1720 us·-

77 1763 202 1823 que
257 1740 334 1798 ad
392 1741 724 1799 Albertam
786 1737 1215 1800 Marchionem
1269 1743 1782 1831 Brandenburgi-

77 1850 223 1887 cum
268 1873 283 1900 ‚
344 1830 452 1910 qui
521 1825 782 1885 ultimus
851 1828 1112 1909 Magnus
1181 1831 1475 1915 Magister
1526 1835 1782 1897 Ordinis

84 1917 414 1975 Teutonici
485 1929 670 1989 erat3
741 1912 838 1972 hic
916 1918 1082 1975 enim
1155 1915 1395 1979 deserta
1475 1922 1780 2008 religione

95 2004 281 2064 1525.
331 2006 626 2085 Princeps
655 2002 961 2062 Secularis
1001 2002 1570 2081 factu3‚Ecclesc'ae
1613 2016 1782 2071 Fra-

80 2104 210 2151 tres
253 2090 444 2151 dictos
483 2092 880 2163 Haereticos‚
927 2094 1036 2174 qui
1067 2089 1426 2156 Bohemiam
1463 2113 1527 2159 et
1566 2100 1782 2161 Mora—

78 2182 243 2240 viam
294 2181 480 2237 nimis
516 2177 893 2252 turbabant,
947 2179 1091 2241 inde
1129 2179 1371 2264 ejectos,
1407 2199 1470 2245 et
1505 2193 1781 2270 proscri-

84 2283 222 2352 ptos
281 2270 342 2325 in
394 2269 704 2327 Prussiam
743 2265 1021 2328 ducalem
1065 2268 1143 2328 ad
1193 2293 1256 2332 se
1315 2273 1623 2349 invitans,
1681 2301 1784 2340 re-

82 2356 522 2416 formationem
574 2378 688 2438 per
729 2356 1065 2416 tumultum
1129 2358 1327 2441 plebis
1375 2363 1649 2425 instituit
1713 2389 1787 2427 0-

87 2466 240 2528 pera
288 2447 473 2502 Pauli
521 2447 780 2519 Sper-ati
801 2490 816 2519 ,
862 2448 1156 2503 Andreae
1205 2452 1506 2509 Osiandri
1529 2497 1545 2527 ,
1593 2455 1787 2513 Joan-

88 2536 185 2590 nis
230 2536 526 2590 Funecic':
576 2534 638 2591 in
688 2532 904 2614 Regali
966 2534 1252 2596 Borussia
1309 2561 1464 2598 vero
1515 2541 1786 2600 ,Ioannes

89 2622 330 2678 Solcias
371 2621 761 2703 propagavit.
857 2620 989 2680 Sub
1038 2623 1394 2684 Patrocinio
1433 2627 1625 2708 igitur
1671 2633 1788 2687 Al-

90 2708 254 2764 berti
291 2709 799 2785 Brancleburgicc'
846 2707 1201 2771 libertatem
1234 2713 1551 2794 'religionis
1593 2738 1787 2778 exer—

88 2794 316 2855 cendae
375 2795 711 2857 solenniter
746 2794 1095 2856 Reformati
1138 2799 1567 2866 obtinuerunt.
1655 2808 1789 2867 Ve-

92 2904 240 2941 rum
275 2884 337 2942 in
375 2883 593 2968 Regali
633 2885 920 2944 Borussia
972 2888 1200 2945 Joanm'
1250 2892 1448 2948 Sole-io
1493 2913 1591 2953 res
1631 2894 1788 2954 male

90 2972 309 3046 cessit,
341 2994 480 3033 nam
523 2975 961 3053 Segismundus
1009 2974 1053 3033 I.
1105 2975 1389 3040 Poloniae
1425 3001 1537 3042 rex
1562 2980 1783 3043 urbem

1043 3073 1069 3117 t
1509 3071 1694 3129 Dan-
