1940 3672
236 136 274 196 6
735 144 1191 216 *Historia

136 317 376 398 accipit.
436 317 574 377 Filii
618 320 776 401 regis
813 323 1097 396 Infantes
1133 321 1560 407 appellantur,
1601 335 1661 381 et
1693 323 1825 404 pri-

135 407 483 486 mogenitus
540 411 699 489 patri
749 411 1052 484 succedit,
1123 415 1230 493 qui
1290 414 1587 484 Princeps
1644 415 1827 467 Asta-

136 495 273 550 riae
303 492 547 552 dicitur.
598 496 728 554 Rex
767 495 909 556 licet
933 520 1283 580 supremam
1318 512 1680 581 potestatem
1714 495 1822 554 ha-

134 579 295 654 beat,
333 579 485 638 nihil
526 596 728 643 tamen
762 583 1041 643 decernit
1071 590 1186 644 nisi
1230 610 1306 647 cx
1342 587 1481 644 ΧΠ.
1543 587 1828 644 virorum

132 668 428 738 consilio,
478 671 587 750 qui
639 672 948 751 primores
992 676 1169 753 regni
1225 679 1521 732 Senatum
1556 676 1827 750 Regiam

129 760 532 814 constituunt.
582 755 740 816 Sunt
764 771 827 817 et
849 757 965 816 alia
992 762 1189 818 officia
1214 761 1461 844 publica
1482 807 1497 835 ‚
1524 783 1682 845 quae
1707 782 1821 843 per

139 846 355 901 Cor-tes
392 864 495 901 seu
537 843 802 904 Comitia
860 844 1235 929 diriguntur.
1304 851 1584 922 Ducum,
1648 851 1820 908 Mar-

123 927 418 990 chionum
444 975 460 1005 ‚
509 945 570 991 et
605 933 918 993 Comitum
952 938 1166 1019 ingens
1187 952 1276 997 est
1301 959 1593 996 numerus
1619 983 1634 1012 ⁷
1675 959 1820 995 nam

123 1020 411 1099 primarii
471 1021 684 1079 Duces
736 1024 986 1084 circiter
1049 1040 1193 1083 sunt
1250 1024 1488 1083 XXIII.
1546 1047 1819 1105 quorum

122 1128 362 1165 annuus
403 1124 744 1189 proventus
778 1126 868 1171 est
905 1135 935 1170 a
987 1115 1086 1172 40.
1141 1112 1214 1171 ad
1274 1118 1414 1174 100.
1454 1112 1818 1170 ducatorum

121 1194 335 1269 millia,
387 1198 510 1253 imo
548 1198 692 1258 Dux
717 1203 1079 1278 Infantasgi
1114 1204 1232 1261 120
1269 1201 1498 1274 millia,
1542 1202 1679 1258 Dux
1707 1220 1816 1257 ve—

120 1304 197 1341 ro
240 1282 570 1344 Medinae-
595 1287 882 1350 Sidoniae
908 1291 1049 1349 150.
1079 1288 1272 1347 millia
1297 1289 1670 1348 ducatorum
1706 1286 1813 1344 ha-

118 1369 244 1430 bet.
282 1374 683 1434 Marchiones
725 1391 869 1435 sunt
909 1378 1278 1437 circitersiO.
1306 1380 1411 1460 qui
1453 1374 1691 1458 majore
1715 1395 1824 1434 ex—

115 1471 295 1545 parte
331 1481 533 1522 annue
577 1465 933 1546 percipiunt
962 1489 996 1524 a
1038 1469 1137 1540 10,
1171 1464 1248 1524 ad
1306 1468 1405 1526 60.
1461 1464 1652 1523 millia
1689 1465 1820 1522 Du-

111 1562 410 1608 catorum.
457 1554 721 1610 Comites
769 1569 1175 1614 recensentur
1206 1556 1466 1614 circiter
1523 1557 1621 1613 80.
1676 1553 1823 1634 qui-

113 1638 232 1698 bus
264 1660 501 1698 annuus
532 1640 765 1700 reditus
802 1656 892 1702 est
923 1666 956 1700 a
1000 1646 1095 1702 10.
1147 1642 1223 1700 ad
1265 1644 1364 1703 25.
1403 1640 1599 1700 millia
1634 1639 1823 1698 duca-

111 1743 353 1802 torum3
401 1729 565 1790 inter
595 1751 751 1812 quos
788 1732 1134 1813 principem
1182 1731 1387 1789 locum
1427 1731 1671 1789 obtinet
1692 1732 1821 1785 Bo-

111 1821 370 1897 navetzti
393 1863 408 1890 ,
459 1821 691 1891 Alvae,
745 1820 1107 1891 Μὶναηᾶαε,
1140 1832 1201 1878 et
1225 1822 1559 1892 Oroposae.
1611 1818 1819 1875 Porro

109 1926 443 1965 numerum
479 1906 963 1979 Vicecomitum‚
1000 1906 1313 1965 Baronum
1340 1953 1355 1981 ‚
1419 1904 1820 1966 Gubernato-

106 2014 252 2052 rum
276 2038 291 2067 ,
343 1992 807 2055 Praefectorum
833 2039 849 2070 ,
905 1996 1279 2076 Magnorum
1328 1996 1772 2075 ‘Magistrorum
1800 2040 1816 2069 ‚

107 2082 411 2164 Equitum
449 2083 768 2142 variorum
803 2082 1097 2142 ordinum
1128 2082 1386 2165 longum
1422 2083 1584 2144 foret
1635 2105 1815 2143 enar-

107 2193 288 2229 rare:
339 2174 505 2231 inter
540 2173 820 2251 vigentes
853 2170 1037 2231 hodie
1068 2173 1254 2232 etiam
1293 2171 1544 2233 ordines
1578 2173 1819 2255 prima-

111 2272 247 2316 tum
296 2273 464 2318 tenet
502 2262 546 2318 Ι.
587 2257 760 2317 Ordo
797 2262 1116 2341 Equestris
1150 2261 1353 2316 Aurei
1393 2263 1661 2318 Vellet-is
1684 2273 1815 2317 toto

109 2347 268 2407 orbe
304 2347 747 2407 celeberrimus
772 2391 788 2418 ‚
827 2372 860 2406 a
893 2351 1186 2425 Philippo
1236 2347 1391 2408 duce
1418 2346 1817 2430 Burgundiae

104 2437 425 2495 occasione
463 2437 827 2517 nuptiarum
869 2459 1006 2495 cum
1052 2438 1431 2495 Elisabetha
1463 2434 1584 2496 filia
1608 2439 1811 2493 Jocm-

107 2528 206 2580 nis
259 2524 616 2582 Lusitaniae
650 2527 815 2603 regis
850 2526 1072 2605 Brugis
1111 2528 1171 2584 in
1198 2519 1520 2608 'honorem
1568 2528 1627 2582 S.
1680 2526 1815 2581 An-

108 2617 297 2669 dreae
341 2613 686 2684 institutus;
724 2614 1106 2673 incrementa
1143 2628 1346 2672 tamen
1378 2634 1486 2670 sua
1538 2611 1815 2691 Regibus

107 2699 774 2782 Imperatoribusque‚
821 2701 1050 2782 quibus
1101 2716 1162 2760 et
1207 2701 1469 2774 claruit,
1526 2713 1590 2760 et
1631 2697 1814 2757 hodie

103 2786 332 2863 claret,
396 2786 597 2848 debet.
657 2788 1087 2870 Burgundicos
1149 2786 1257 2848 hos
1313 2787 1612 2856 honoreS,
1670 2807 1813 2844 cum

105 2874 505 2936 Buroundiae
566 2875 890 2959 Belgiique
951 2878 1337 2962 provinciis,
1401 2877 1805 2935 Maximilla-

105 2984 220 3022 ηαδ
240 2922 304 3024 t’I
336 2965 764 3026 Romanorum
797 2965 985 3051 Impe.
1034 2965 1272 3027 adlecta
1315 2964 1432 3028 sibi
1485 2968 1549 3026 in
1597 2967 1810 3023 matri-

1577 3073 1709 3118 mo-
