1940 3672
658 180 1139 233 Svecotwcm.
1548 172 1683 236 235

76 349 326 421 'ditario
347 357 479 441 jure
514 359 571 415 in
615 377 779 413 suam
799 352 1088 414 familiam
1117 353 1554 414 Gustavianam
1581 367 1776 414 transw

102 447 393 521 ferendo,
433 446 588 504 obiit
624 443 808 520 1560.
855 443 922 520 a)
1265 461 1267 463 ’

258 538 482 591 Erieus
531 532 702 589 XIV.
738 532 937 612 Regni
964 530 1216 612 quidem
1251 530 1493 615 paterni
1534 528 1780 588 sednon

102 626 400 681 virtutum
438 618 683 692 haereS,
728 617 1155 701 imprudenter
1187 634 1248 678 et
1283 618 1617 677 crudeliter
1680 640 1779 675 re-

103 711 287 790 gna're
327 708 560 789 coepit,
593 727 735 764 nam
789 721 924 786 post
968 707 1196 766 bellum
1252 728 1397 765 curn
1457 709 1781 764 Friclerico

102 798 175 854 II.
202 798 429 855 Daniae
463 815 607 876 rege
630 792 958 854 infeliciter
977 810 1215 876 gestum
1237 841 1251 869 ,
1275 795 1552 854 Fratrem
1597 815 1780 853 suum

99 887 391 941 Ioannem
429 905 460 939 a
518 881 750 965 populo
794 880 1086 943 dilectum
1132 886 1195 941 in
1257 904 1529 942 carceres
1576 880 1785 962 conje-

95 973 216 1042 cit,
261 973 444 1050 eique
494 970 762 1030 faventes
798 970 1239 1030 illustrissimos
1288 971 1456 1029 viros
1517 968 1784 1028 crudeli-

98 1073 193 1118 ter
227 1056 422 1116 occidi
463 1055 669 1140 jussit,
737 1055 879 1117 hinc
918 1058 1260 1141 periculosa
1309 1056 1659 1139 conjuratio
1717 1059 1779 1113 in

94 1158 276 1228 caput
297 1148 456 1228 regis
486 1149 790 1206 concitata
810 1161 899 1207 est
918 1147 1070 1205 duce
1086 1148 1323 1204 Joczmze
1362 1145 1553 1205 fratre
1587 1169 1619 1205 e
1641 1147 1778 1202 vin-

95 1233 244 1292 culis
286 1233 488 1315 elapso
513 1280 527 1309 ,
577 1258 610 1292 a
651 1257 780 1316 quo
814 1237 999 1294 etiam
1025 1257 1217 1315 regno
1256 1248 1316 1293 et
1352 1235 1477 1292 vita
1513 1233 1781 1293 exueba-

95 1322 282 1381 batur
327 1323 509 1384 1568.
553 1325 730 1405 regni
772 1337 993 1383 octavo
1042 1344 1219 1380 anno.
1255 1322 1316 1402 b)

252 1412 520 1468 Ioannes
563 1410 738 1469 fratri
804 1410 1134 1471 deturbato
1196 1408 1563 1481 succedenS,
1627 1407 1786 1466 clam

94 1495 326 1577 ejurata
372 1500 853 1558 Protestantium
903 1498 1235 1580 religione,
1285 1520 1460 1557 svasu
1513 1495 1788 1576 Reginae

93 1584 470 1646 Catholicam
510 1586 692 1647 fidem
729 1591 790 1645 in
836 1588 1050 1646 Svecia
1094 1588 1416 1645 restituere
1450 1585 1783 1657 nitebatur,

97 1697 285 1756 quam
318 1676 428 1734 ubi
465 1676 666 1758 palam
707 1675 1000 1735 inducere
1041 1677 1455 1757 nequivisset,
1499 1672 1613 1731 sub
1647 1694 1784 1754 spe-

98 1764 191 1820 cie
230 1785 427 1822 novae
485 1764 802 1846 Liturgiae
858 1763 1150 1823 inducere
1198 1763 1550 1834 laboravit,
1619 1758 1788 1842 quod

96 1850 351 1932 planum
387 1853 801 1911 protestantes
861 1851 1256 1910 observantes
1303 1850 1593 1909 omnibus
1629 1851 1780 1906 viri-

98 1939 210 1997 bus
243 1938 746 2015 reluctabantur,
781 1939 1033 1999 tandem
1077 1953 1318 1998 mortua
1357 1940 1564 2019 regina
1587 1985 1600 2012 ,
1654 1940 1783 2018 ipse

98 2048 352 2108 quoque
397 2051 510 2086 rex
551 2051 583 2084 a
623 2028 808 2109 plano
848 2026 1098 2087 destitit.
1157 2026 1398 2086 Bellum
1440 2048 1580 2084 cum
1640 2029 1788 2082 Fri-

98 2117 303 2171 derico
346 2118 433 2173 II.
454 2116 688 2173 Daniae
718 2138 865 2197 rege
898 2114 1093 2174 adhuc
1127 2115 1242 2174 sub
1267 2115 1458 2175 fratre
1477 2128 1786 2196 coeptum,

102 2205 355 2286 anticipi
412 2203 666 2263 fortuna
721 2206 1143 2276 continuavit,
1210 2202 1406 2262 donec
1450 2223 1595 2286 pace
1648 2205 1790 2258 Ste—

100 2294 322 2348 tinensi
366 2294 548 2352 1570.
592 2290 805 2352 fuisset
840 2294 1266 2377 compositum.
1311 2294 1579 2349 Jocmn'es
1623 2310 1793 2349 mor-

104 2389 243 2438 tuus
284 2393 374 2439 est
422 2381 606 2442 1592.

261 2470 693 2545 Sigismzmclccs
717 2470 852 2530 Rex
888 2468 1178 2529 Poloniae
1215 2471 1476 2526 Jocmnis
1515 2465 1678 2525 filius
1716 2463 1792 2522 ad

103 2575 365 2636 regnum
402 2557 841 2643 capessendum
883 2571 1205 2629 evocatus,
1254 2559 1550 2641 quoniam
1590 2558 1653 2612 in
1692 2575 1791 2611 ΓΘ,

1527 2643 1708 2725 ligio-

176 2815 235 2883 α)
264 2813 574 2936 ἓῑείῐὲϊίδᾶῐη
613 2816 833 2914 Gustdvi
869 2813 1790 2937 lifisffiipsit128amuelElfernpe31s-

263 2902 467 3006 nigso'n
489 2896 950 3015 ,ῒὲῗέἕὲῗὲῗιῗιίᾶε
992 2905 1143 3007 “3212ss-
1194 2894 1410 3005 Sa'miitel
1458 2901 1794 3005 fihcffigsndogfi

267 3022 326 3072 in
364 3024 670 3081 Comment.
708 3025 774 3076 de
819 3026 981 3078 rebus
1031 3024 1296 3090 SveciciS,
1333 3023 1639 3092 Ultrajecti.
1690 3020 1789 3072 fol.

267 3091 317 3154 b)
364 3094 526 3145 iidem
568 3095 734 3147 citati.
