1940 3672
640 162 1158 235 Belgarum.
1529 163 1648 223 281

64 339 412 401 decretorio
472 333 707 420 proelio
756 337 953 392 victus
1013 334 1259 408 fuisset,
1327 335 1538 394 1815.
1596 356 1743 395 mox

72 431 436 487 le‘llzelmzcs
480 426 872 482 slrctzcsiaczcs
917 425 1208 506 Princeps
1257 445 1333 482 ex
1380 422 1607 504 Anglia
1642 445 1742 482 re-

65 538 278 575 versus
316 532 610 574 consensu
654 511 1016 593 Principum
1058 510 1513 571 foederatorum
1539 557 1553 585 ,
1603 511 1744 570 Bel-

65 606 154 684 gis
188 604 381 683 Regia
413 598 708 682 dignitate
744 621 986 681 praesse
1017 603 1248 681 coepit3
1296 610 1357 658 et
1393 619 1569 658 curas
1610 619 1746 657 suas

66 693 127 750 in
170 690 653 749 emoiumentum
692 687 937 746 Civium
984 686 1442 762 convertendO,
1489 689 1748 767 antiqua

64 776 391 856 Privilegia
428 788 489 834 et
531 774 790 835 liberam
831 778 1322 857 navigationem,
1387 799 1417 833 a
1463 797 1585 856 qua
1631 776 1747 833 Sa-

62 865 153 924 lus
183 863 514 945 Belgarum
549 862 855 947 dependet
892 866 1190 924 restituit:
1240 865 1614 947 optimisque
1649 864 1742 921 in·-

61 953 284 1011 stitutis
343 954 607 1035 tempori
674 955 1100 1020 ⁴consentaneis
1169 954 1452 1028 ornavit3
1532 963 1749 1010 contra

59 1043 470 1114 Nccpoleonem
514 1062 591 1099 ex
628 1040 781 1099 Elba
821 1040 1093 1123 elapsum
1123 1085 1138 1113 ‚
1198 1041 1402 1122 copias
1442 1060 1574 1098 suas
1615 1038 1749 1096 An·-

59 1126 170 1208 glis
232 1126 652 1210 conjungens,
745 1127 981 1188 foederi
1050 1127 1316 1187 aliorum
1381 1128 1748 1208 Principum
1811 1188 1813 1191 ,

60 1212 552 1275 Christianorum
595 1215 995 1298 subscripsit,
1065 1229 1128 1276 et
1173 1215 1249 1275 ad
1285 1214 1747 1298 reprimendam

59 1303 570 1385 Argiritanorum
606 1306 1018 1364 temeritatem
1060 1305 1314 1362 Omnino
1354 1303 1568 1363 utilem
1604 1323 1755 1385 ope·

58 1411 193 1450 ram
233 1392 550 1475 impendit.

240 1481 287 1558 ᾗ.
339 1480 392 1538 5.
445 1484 666 1538 Status
705 1482 1074 1538 Litterarum
1107 1491 1167 1539 et
1205 1478 1470 1538 Artium
1505 1481 1570 1537 in
1604 1480 1756 1536 Bel-

55 1571 166 1646 gio
210 1571 571 1629 Foedera-to,
663 1570 781 1629 Rei
836 1570 1178 1629 Literariae
1224 1579 1447 1628 statum
1496 1569 1559 1627 in
1611 1565 1753 1627 Bel-

62 1660 166 1738 gio
206 1655 522 1717 foederato
580 1657 1028 1740 elegantissime
1094 1657 1392 1717 describit
1460 1656 1758 1715 Doctissi-

65 1765 201 1803 mus
235 1748 554 1805 Hem-icas·
593 1748 961 1821 chclolplzzcs
999 1747 1338 1805 Bentlzems
1385 1745 1452 1825 a)
1502 1747 1563 1804 in
1606 1767 1755 1828 ope-

70 1854 140 1892 re
169 1852 280 1892 suo
306 1879 321 1907 ,
344 1834 452 1893 ubi
475 1836 600 1916 agit·
639 1834 716 1894 de
750 1834 1036 1894 omnihus
1061 1835 1230 1897 Viris
1275 1836 1339 1891 in
1361 1834 1712 1895 Ministerio
1739 1878 1755 1908 ‚

67 1919 416 1981 Academiis
467 1937 529 1982 et
575 1924 921 2004 Gymnasiis
971 1922 1357 1996 viventibus,
1403 1921 1755 2005 horumque

68 2011 223 2067 vitas
273 2022 334 2068 et
372 2009 602 2084 libros,
652 2009 974 2070 historiam
1035 2010 1549 2086 Academiarum,
1593 2012 1758 2069 Con-

70 2100 402 2158 troversias
459 2098 896 2181 Theologicas‚
944 2122 1164 2160 numos
1223 2113 1758 2185 repraesentantes

69 2187 356 2245 virorum
416 2187 911 2249 Clarissimorum
966 2191 1190 2269 effigies
1248 2202 1309 2248 et
1366 2190 1495 2248 alia.
1586 2188 1752 2248 Sunt

70 2288 275 2333 autem
355 2280 721 2359 praecipuae
792 2277 1163 2338 Academiae
1229 2291 1553 2360 sequentes
1584 2321 1599 2350 ,
1662 2277 1757 2336 uti

71 2365 521 2423 Franekercma
574 2364 825 2426 fundata
870 2367 1056 2427 1585.
1112 2369 1520 2444 Groningczncz
1568 2367 1755 2427 1614.

70 2465 292 2510 erecta.
401 2458 879 2515 .Hardevicatzcz.
956 2457 1137 2516 1648.
1199 2454 1510 2530 stabilita3
1577 2458 1758 2531 Lug-

69 2543 358 2599 dunensis
409 2542 527 2603 157
541 2545 592 2599 7.
654 2544 719 2601 in
770 2544 966 2604 Frisia
1019 2558 1221 2604 erecta
1275 2541 1540 2603 authore
1594 2546 1757 2601 Jcmo

69 2629 331 2702 Dousa,
369 2633 477 2712 qui
522 2634 582 2689 in
619 2632 970 2692 sustinenda
1000 2631 1319 2694 obsidione
1356 2632 1529 2691 urbis
1569 2634 1756 2691 Prae-

70 2712 262 2775 fectus
300 2722 610 2802 egregiam
645 2740 902 2804 operam
939 2724 1221 2795 navavit,
1266 2736 1329 2782 et
1368 2723 1579 2778 ,Musis
1611 2740 1753 2778 cum

1445 2811 1666 2867 Marte

139 2978 210 3041 a)
251 2978 310 3026 In
347 2980 522 3049 Opere
544 2982 571 3031 ε’
620 2981 1036 3035 Holliindischer
1071 2980 1316 3034 Kirchen
1349 2979 1459 3033 und
1498 2978 1758 3033 Schul—

207 3049 378 3103 Staat.
421 3049 787 3108 Francofurti.
832 3052 979 3108 1698.
1022 3057 1075 3106 in
1114 3054 1164 3116 8.
1282 3055 1322 3061 ”
