1940 3672
177 103 300 161 410
687 104 1115 165 Historia

85 283 434 365 spanicam3
492 285 684 345 tristis
724 287 788 343 in
826 285 1146 370 Hungaria
1179 287 1261 348 ob
1300 285 1625 348 nefandam
1668 310 1767 348 re-

82 369 416 430 bellionem
450 395 482 429 a
533 377 845 432 Rcikoczio
905 379 1295 453 suscitatam3
1358 399 1518 459 quae
1568 391 1771 436 tamen

82 460 288 517 omnia
325 459 620 520 felicitate
657 475 718 521 et
752 463 1157 524 victoriarum
1179 464 1549 526 claritudine
1593 486 1765 522 com-

81 549 377 630 pensavit.
447 548 621 608 Obiit
667 552 849 611 1711.
897 572 1307 614 successorem
1337 553 1596 637 reliquit
1636 551 1761 610 fra-

91 647 254 694 trem
289 657 484 694 suum.

275 725 537 782 Carolus
574 723 681 782 ΙΙΙ.
723 726 1114 810 Hungariam
1145 729 1321 790 bellis
1350 727 1632 789 civilibus
1671 729 1766 787 ni-

84 813 200 870 mis
239 808 527 870 afflictam
573 814 771 894 quieti
804 829 866 875 et
898 817 1160 899 pristino
1214 820 1419 901 vigori
1461 817 1771 891 restituit3

83 899 249 980 leges
281 898 500 958 multas
545 903 728 982 genio
783 905 1050 964 nationis
1094 906 1293 966 minus
1337 918 1773 966 consentaneas

83 986 462 1069 abrogando,
488 1010 680 1048 novas
712 1013 828 1074 pro
851 1014 919 1052 re
954 1005 1091 1051 nata
1114 993 1404 1054 salutares
1422 992 1581 1065 tulit,
1603 1013 1776 1051 cum-

87 1098 213 1157 que
256 1073 396 1136 filiis
416 1091 673 1152 careret,
713 1102 790 1138 ne
826 1079 1090 1140 ditiones
1115 1080 1470 1141 Austriacae
1495 1080 1775 1163 aliquan-

85 1163 166 1222 do
210 1162 645 1224 dividerentur
670 1211 684 1240 ,
712 1170 774 1225 vi
808 1169 1153 1229 Sanctionis
1177 1171 1615 1251 Pragmaticae,
1633 1188 1772 1227 suc-

87 1254 426 1312 cessionem
458 1252 724 1314 familiae
765 1277 907 1317 suae
958 1254 1433 1319 haereditariam
1492 1254 1771 1316 extendit

83 1343 271 1400 etiam
306 1341 369 1398 in
428 1340 765 1402 femineum
809 1366 1057 1405 sexum:
1119 1346 1244 1406 duo
1303 1344 1464 1405 bella
1505 1357 1577 1404 ut
1633 1346 1771 1402 Rex

82 1428 441 1511 Hungariae
476 1432 658 1511 gessit
698 1430 840 1491 cnm
873 1434 1091 1493 Turcis
1117 1478 1133 1508 ‚
1193 1455 1465 1516 quorum
1509 1433 1772 1493 alterum

82 1531 423 1600 utrumque
455 1516 718 1579 feliciter
758 1522 1151 1598 terminavit3
1199 1524 1427 1604 quibus
1464 1524 1629 1581 curis
1677 1519 1773 1577 di-

81 1617 316 1666 stentus
349 1606 508 1665 obiit
553 1610 736 1666 1740.
775 1613 1063 1668 successit
1098 1613 1154 1670 ei
1189 1609 1344 1669 filia:

240 1696 462 1753 Μανία
497 1696 793 1754 leeresia
817 1696 1286 1757 foecundissima
1322 1697 1593 1778 prolium
1633 1693 1768 1752 Ma-

85 1795 184 1842 ter
230 1794 291 1842 et
324 1784 616 1865 perennis
661 1785 998 1844 memoriae
1038 1787 1261 1866 Magna
1328 1786 1772 1865 Hungarorum

79 1872 348 1930 Domina
373 1916 388 1945 ‚
435 1869 643 1929 multis
683 1874 1058 1953 gravissimis
1095 1873 1273 1932 bellis
1307 1874 1387 1932 ob
1439 1871 1773 1932 successio-

81 1980 226 2018 nem
258 1958 526 2018 lacessita
557 1960 634 2017 ab
671 1961 1001 2042 Hispaniae
1025 2005 1041 2032 ,
1083 1962 1314 2021 Galliae
1354 1974 1416 2021 et
1454 1960 1791 2020 Borussiae

83 2047 337 2128 regibus
358 2092 374 2121 ‚
421 2049 571 2107 item
615 2049 910 2109 Bavariae
941 2062 1005 2110 et
1040 2048 1345 2110 Saxoniae
1374 2046 1777 2120 Electoribuffi

81 2135 310 2217 quibus
343 2149 548 2195 tamen
593 2138 880 2196 omnibus
903 2183 918 2211 ,
953 2138 1399 2219 Hungarorum
1447 2135 1586 2207 fide,
1621 2156 1774 2194 con—

79 2225 302 2281 stantia
334 2235 395 2283 et
427 2227 664 2284 virtute
697 2224 1146 2305 gloriosissimis
1186 2227 1465 2285 victoriis
1511 2222 1768 2295 obstitit⁷

79 2309 470 2393 ditionesque
510 2334 640 2371 suas
674 2312 933 2373 feliciter
978 2316 1257 2374 retinuit.
1305 2311 1493 2396 Cujus
1536 2312 1764 2371 eximia

69 2413 249 2458 erant
282 2402 345 2456 in
377 2401 644 2462 Gentem
668 2401 1027 2484 Hungaram
1066 2402 1283 2461 Studia
1307 2414 1368 2461 et
1404 2398 1769 2460 Beneficen-

79 2489 197 2561 tia,
238 2489 328 2546 uti
372 2510 449 2547 ex
500 2486 859 2549 felicissimis
913 2488 1042 2572 ejus
1097 2488 1639 2550 constitutionibus
1692 2484 1771 2545 ad

74 2576 317 2635 Statum
345 2578 715 2659 Religionis,
756 2577 1082 2639 Publicum
1104 2625 1121 2654 9
1183 2579 1511 2639 Politicum
1532 2621 1547 2650 ,
1597 2597 1769 2633 aera-

73 2668 152 2725 rii
178 2676 238 2726 et
273 2664 529 2726 militiae
565 2666 1089 2747 organisationem
1121 2666 1383 2728 elucent.
1425 2666 1491 2745 a)
1528 2662 1767 2734 Quibus

1549 2765 1682 2810 utl-

139 2904 201 2974 τι)
241 2905 457 2954 Praeter
497 2903 712 2965 Palma,
748 2904 923 2973 Pray,
982 2903 1194 2955 Katona
1219 2942 1232 2958 ,
1290 2903 1412 2955 vide
1469 2902 1764 2953 Historiam

237 2975 502 3042 Pragmat.
541 2974 690 3027 Paul.
721 2974 872 3044 Nagy
902 2974 996 3025 ubi
1019 2974 1352 3043 reipublicae
1375 2981 1553 3044 parles
1576 2988 1763 3022 onmes

230 3053 585 3112 exponuntur
623 3043 694 3100 T.
733 3044 796 3095 Il.

1930 2845 1940 3081 Ι
