1940 3672
656 146 1123 220 Belgarum.
1505 151 1628 211 261

41 328 257 405 giator.
351 322 580 384 Eodem
614 331 895 401 tempore
936 315 1099 400 apud
1152 317 1409 380 Batavos
1456 317 1710 401 quidam

40 417 357 471 IIerric-as
401 415 639 468 Domus
666 406 812 466 alias
853 406 1156 463 Charitas
1204 404 1405 466 dictus
1445 405 1712 466 fanatico

39 500 167 559 zelo
215 499 472 557 famosus
510 506 661 567 erat,
708 494 821 575 qui
859 512 923 553 se
954 494 1168 568 Moysi
1181 507 1243 553 et
1267 494 1518 552 Christo
1536 516 1718 578 prae-

38 587 273 658 ferens,
319 586 508 662 impio
548 592 916 662 argumento
963 584 1114 659 quia
1157 583 1365 639 Moses
1412 604 1581 658 spem
1614 585 1722 640 do-

36 678 295 745 cuisset,
350 671 880 744 Claristasficlem,
926 671 1060 742 ipse
1100 669 1493 728 Charitatem
1524 681 1719 729 utra-

35 784 150 840 que
192 761 494 832 majorem
522 760 752 815 doceat.
801 757 1097 815 Ceterum
1131 758 1328 817 missis
1374 756 1469 816 his
1501 756 1722 817 fanati-

34 850 153 921 cis,
201 867 399 928 quum
435 858 628 904 status
676 843 870 927 Belgii
905 841 1063 901 nihil
1095 866 1131 902 a
1169 846 1560 923 margareta
1591 844 1726 904 Gu-

33 935 381 995 hei-natrice
419 932 625 1015 quoad
674 933 1154 992 Protestantium
1197 933 1567 1015 religionem
1609 932 1726 995 ob-

37 1023 361 1080 tinuissent
387 1067 403 1093 ,
452 1042 607 1102 quos
645 1014 1122 1079 Bar-lammens
1167 1041 1282 1101 per
1299 1033 1730 1104 contemptum

36 1109 216 1192 plane
266 1112 520 1167 Gelasios
556 1108 618 1166 id
654 1121 744 1168 est
776 1111 1080 1165 mendicos
1116 1107 1546 1190 compellavit,
1582 1109 1730 1189 (un-

38 1196 114 1257 de
155 1197 240 1254 illi
292 1199 401 1278 qui
460 1199 523 1254 in
584 1196 783 1254 Gallia
833 1198 1224 1272 Hagonottc',
1273 1195 1359 1254 illi
1404 1198 1469 1255 in
1507 1195 1725 1278 Belgio

40 1288 250 1342 Gensii
295 1281 723 1362 dicebantur.)
786 1285 910 1340 imo
959 1280 1108 1340 dum
1164 1285 1354 1364 petita
1390 1303 1611 1343 eorum
1646 1281 1726 1343 ad

39 1394 249 1454 regem
287 1370 682 1432 deferrentur
714 1373 778 1427 in
824 1370 1219 1452 Hispaniam3
1251 1369 1426 1452 plebs
1467 1391 1595 1430 non
1611 1391 1725 1432 ex-

32 1474 302 1542 spectato
331 1461 493 1542 regis
539 1479 834 1541 responso
871 1470 1109 1516 armata
1125 1456 1202 1517 ad
1239 1460 1567 1519 conciones
1608 1455 1724 1518 he-

33 1547 477 1607 terodoxorum
524 1566 902 1607 concurrere
947 1547 1187 1629 coepit,
1256 1544 1722 1606 Catholicorum

32 1636 257 1719 templa
294 1635 590 1719 dirripuit
638 1648 701 1694 et
735 1631 1087 1708 succendit,
1133 1654 1458 1717 sacrasque
1508 1633 1727 1715 imagi-

35 1745 141 1782 nes
178 1723 531 1784 deturbatas
566 1721 891 1804 confregit.
982 1721 1222 1793 Quibus
1282 1723 1347 1780 in
1415 1718 1724 1804 adjunctis

35 1813 250 1871 missus
298 1823 388 1870 est
445 1811 524 1869 ab
570 1812 741 1890 Rege
795 1831 874 1870 ex
925 1808 1225 1891 Hispania
1279 1813 1719 1870 Ferdinandas

34 1897 162 1956 dux
197 1899 490 1972 Albanus,
537 1900 646 1981 qui
685 1897 977 1979 Belgasin
1002 1894 1299 1978 judicium
1337 1911 1593 1960 vocaret
1612 1895 1721 1958 ad-

37 1985 168 2046 dito
223 1987 562 2046 mandato:
627 1999 697 2044 ut
756 1987 1169 2045 Protestantes
1234 1988 1555 2062 ministri,
1614 2006 1726 2047 eo-

34 2096 178 2133 rum
242 2072 553 2157 hospites,
617 2095 744 2133 non
784 2071 1028 2132 flamma
1073 2070 1180 2133 sed
1219 2072 1550 2157 suspendio
1612 2094 1725 2134 ne-

35 2175 325 2221 carentur
367 2208 381 2234 ,
462 2165 571 2244 qui
656 2163 926 2220 animum
995 2165 1486 2245 sententiamque
1569 2183 1722 2220 mu-

38 2262 245 2309 tarent
298 2250 535 2330 gladio,
601 2249 818 2330 vulgus
865 2247 1053 2309 exilio
1091 2252 1509 2333 castigaretur.
1555 2249 1728 2309 Haec

38 2352 101 2398 et
153 2339 371 2397 similia
432 2337 910 2399 Protestantium
960 2339 1195 2398 animos
1249 2338 1510 2421 amplius
1566 2336 1724 2398 adeo

37 2426 488 2500 accendebant,
572 2439 642 2485 ut
706 2429 771 2485 in
824 2424 1142 2507 plerisque
1202 2427 1544 2510 provinciis
1603 2426 1722 2486 sibi

38 2514 347 2596 publicam
419 2513 760 2595 Religionis
816 2513 1163 2573 libertatem
1227 2526 1574 2587 sumerent,
1646 2532 1721 2572 ac

39 2601 193 2661 (luce
244 2606 312 2660 V
305 2605 550 2661 ilhelmo
586 2603 943 2660 Arazcsiaco
989 2602 1278 2686 Principe
1325 2600 1541 2662 foedus
1577 2622 1723 2684 per-

39 2703 294 2770 petuum
364 2693 643 2751 ineuntes
722 2690 898 2749 initio
978 2711 1150 2749 mare
1218 2689 1506 2750 infestum
1569 2687 1724 2749 red—

43 2775 367 2851 diderunt,
406 2779 547 2840 dein
585 2776 744 2838 felici
782 2798 1102 2835 armorum
1139 2798 1413 2837 successu
1447 2801 1496 2835 a.
1541 2775 1726 2836 1579.

33 2886 111 2923 ex
150 2865 282 2922 VII.
331 2868 676 2926 Provinciis
722 2864 1088 2946 Respublica
1147 2865 1473 2926 Foederati
1516 2863 1715 2946 Belgii

40 2950 307 3012 coaluit:
375 2954 537 3016 unde
595 2950 749 3013 nihil
812 2954 875 3013 in
933 2952 1146 3037 Belgio
1200 2952 1488 3038 deinceps
1549 2963 1720 3027 erat,

1443 3061 1637 3125 quam.
