1940 3672
240 127 364 186 26ss
763 130 1206 191 Historia

146 310 315 374 ctae,
363 323 523 384 quae
569 302 640 360 iis
688 303 797 383 qui
837 327 871 363 a
909 303 1216 368 Catholica
1258 304 1580 390 Religione
1628 306 1825 367 desei-

146 401 366 449 verant
402 388 805 450 intolerabilis
837 391 1198 472 videbatur3
1247 394 1388 455 hinc
1430 417 1614 480 quam
1633 395 1826 478 pluri-

139 476 229 536 mi
264 477 604 537 nobiliores
654 477 971 540 libertates
1020 505 1155 544 suas
1216 484 1399 544 laesas
1454 493 1600 555 essej
1642 504 1821 565 prae-

139 563 479 640 tendenteS‚
526 588 720 647 quum
748 588 844 626 eas
885 571 1173 650 precibus
1210 572 1494 632 obtinere
1531 593 1655 629 non
1680 592 1822 653 pos-

141 665 310 725 sent,
358 654 510 711 inita
534 653 1072 716 confoederatione
1117 663 1338 719 sensim
1374 663 1561 719 armis
1608 659 1824 716 vietri*

142 739 318 799 cibus
363 754 804 817 extorserunt,
850 756 913 804 et
973 744 1443 829 Rempublicam
1490 747 1821 808 constitue-

138 842 307 886 runt.
357 831 516 900 Quia
556 852 710 890 vero
759 832 1031 912 singulae
1072 836 1428 916 provinciae
1474 834 1821 918 specialiter

138 916 601 996 gubernantur,
639 922 910 1002 exceptis
945 921 1013 980 iis
1047 920 1368 1005 adjunctis,
1410 924 1637 1009 quibus
1662 921 1821 979 Uni-

137 1025 316 1063 versa
355 1003 819 1067 confoederatio
863 1006 1168 1070 influxum
1204 1008 1418 1087 habet,
1460 1028 1529 1071 ut
1567 1011 1822 1069 lieriso-

137 1090 224 1151 let
254 1094 315 1151 in
367 1093 656 1154 Generali
700 1094 1011 1156 ordinum
1052 1098 1414 1158 Conventu:
1466 1099 1603 1159 ideo
1653 1095 1823 1176 juvat

136 1176 253 1238 hoc
284 1180 419 1241 loco
458 1185 638 1242 unius
677 1186 1043 1265 provinciae
1081 1188 1171 1246 uti
1216 1191 1594 1245 Hellamla‘ae
1636 1185 1833 1265 Regi-i

135 1270 322 1328 minis
375 1268 642 1330 formam
700 1274 764 1330 in
827 1272 1097 1332 medium
1165 1272 1513 1350 adducere,
1576 1297 1651 1334 ex
1699 1295 1822 1354 qua

138 1356 403 1415 aliarum
454 1361 641 1418 etiam
693 1363 1160 1443 provinciarum
1211 1366 1370 1423 ratio
1431 1359 1818 1447 gubernandi

137 1443 313 1505 facile
335 1444 773 1506 observabitur
798 1471 812 1508 ;
847 1469 1066 1532 nempe
1082 1452 1189 1531 qui
1213 1473 1499 1533 suprema
1523 1462 1824 1534 potestate

138 1533 376 1615 pollent
454 1534 541 1593 illi
621 1538 939 1611 Depzctati
988 1552 1324 1612 vocantur,
1387 1539 1450 1598 lii
1509 1537 1826 1619 eliguntur

137 1641 215 1678 ex
252 1622 581 1683 Nobilibus
623 1637 729 1682 aut
763 1623 1056 1699 Civibus,
1104 1639 1165 1685 et
1198 1627 1343 1685 tales
1380 1627 1672 1708 Deputati
1717 1622 1823 1682 ha-

137 1706 292 1767 bent
332 1711 427 1770 18.
475 1725 653 1784 vota,
704 1711 956 1772 Nobiles
1003 1735 1155 1771 vero
1189 1736 1385 1772 unum
1430 1725 1666 1772 votum.
1736 1711 1820 1769 Hi

138 1797 434 1881 Deputati
495 1800 881 1858 constituunt
948 1802 1280 1860 Consilium
1330 1804 1587 1872 Mefitis,
1654 1798 1824 1882 quod

141 1886 446 1968 imprimis
496 1889 734 1964 Hccgae
757 1887 1204 1948 celebrabatur.
1256 1891 1446 1949 Initio
1484 1889 1823 1948 Civitatum

135 1973 464 2054 Deputati,
515 1974 786 2034 Tribuni
852 1990 915 2036 et
978 1978 1357 2037 Pensionarii
1412 1988 1650 2035 tautum
1700 1978 1821 2035 Sex

136 2061 471 2121 Civitatum
504 2077 989 2146 comparuerunt
1018 2063 1094 2123 ad
1140 2067 1259 2126 tale
1283 2064 1621 2124 Consilium
1641 2108 1658 2136 ,
1690 2086 1824 2123 suc-

139 2151 370 2210 cessive
423 2150 615 2210 additi
655 2166 797 2212 sunt
849 2151 1046 2213 adhuc
1100 2155 1238 2212 XII.
1311 2155 1646 2212 Civitatum
1706 2153 1820 2211 De-

136 2240 352 2319 putati.
400 2239 723 2299 Nobilium
742 2244 990 2301 nomine
1022 2255 1340 2325 comparet
1376 2242 1630 2300 Senatus
1657 2239 1820 2298 Hol-

137 2325 380 2385 landiae
419 2330 870 2403 Pensionarius‚
907 2329 1087 2387 simul
1122 2327 1307 2412 hujus
1330 2329 1627 2409 generalis
1661 2329 1822 2386 Con-

138 2427 360 2473 ventus
397 2415 802 2474 Cancellarius
836 2430 947 2492 est,
996 2419 1105 2499 qui
1148 2421 1394 2499 negotia
1440 2415 1682 2500 publica
1720 2437 1824 2475 or-

138 2500 284 2562 dine
316 2506 628 2586 proponit.
720 2504 964 2563 Talium
995 2508 1444 2588 Deputatorum
1480 2516 1821 2563 conventus

138 2605 362 2672 quater
412 2614 526 2674 per
563 2615 794 2651 annum
854 2593 1243 2666 celebratur,
1291 2615 1512 2676 nempe
1552 2591 1820 2663 Martie,

137 2679 361 2754 Junio‚
407 2680 760 2763 Septembri
811 2696 874 2741 et
919 2683 1263 2742 Novembri
1313 2703 1553 2754 mense,
1602 2680 1821 2762 primis

140 2766 343 2827 tribus
376 2770 583 2828 omnia
615 2769 991 2853 reipublicae
1036 2769 1270 2853 majora
1304 2770 1547 2850 negotia
1579 2780 1822 2850 pertra-

140 2868 426 2929 ctantur,
499 2858 562 2914 in
617 2872 842 2939 quarto
889 2873 1095 2919 autem
1151 2871 1460 2918 conventu
1514 2856 1820 2938 imprimis

142 2942 401 3005 bellicae
442 2947 704 3006 virtutes
732 2950 1190 3029 praemiantur,
1231 2961 1291 3007 et
1327 2945 1401 3006 de
1447 2942 1823 3028 reipublicae

1518 3033 1738 3093 officia-
