1940 3672
1567 239 1635 256 r?-

534 246 848 317 Portzcg
875 243 1085 321 alsslot·
1107 261 1242 298 ιιηι.
1561 259 1641 295 ,σο

48 410 238 466 ratius
292 406 815 488 pervestigarent,
860 422 1006 458 mox
1061 401 1373 482 navigatio
1427 401 1490 456 in
1549 399 1729 456 Indi-

47 518 146 553 am
194 492 570 553 Orientalem
624 490 944 561 exerceri,
1006 502 1068 547 et
1125 511 1159 545 a
1205 508 1546 548 successore
1603 485 1731 567 ejus

45 586 380 639 Emanaele
446 575 707 658 amplius
751 575 966 659 perfici
1013 578 1232 658 coepit.
1299 580 1367 651 (ι)
1415 575 1516 633 Sic
1548 573 1623 631 ad
1663 598 1730 633 o-

48 693 181 727 ram
227 668 500 725 Calecati
541 666 781 746 primus
816 664 1069 724 advenit
1120 667 1306 726 1497.
1399 666 1604 720 Vasco
1660 667 1731 720 cle

53 760 255 814 Gama
282 800 296 827 ,
347 767 483 835 post
528 774 715 833 quem
766 773 913 811 mox
952 755 1166 812 missus
1221 767 1313 812 est
1344 752 1486 808 Dux
1534 752 1733 808 Alba-

45 845 412 920 qaerqzeizcs‘,
461 841 570 922 qui
608 841 951 922 Imperium
996 840 1499 921 Portugallorum
1540 838 1723 918 longe

48 930 289 1010 lateque
330 927 630 1000 extendit,
680 938 1006 1010 postquam
1037 928 1471 987 celeberrimas
1516 926 1603 984 ibi
1629 949 1733 985 ur-

47 1018 187 1090 beS,
238 1018 328 1074 uti
390 1019 788 1086 Ormuzizcm,
857 1017 1218 1085 ,llffalacam‚
1279 1018 1610 1072 Coclzimmz
1670 1028 1732 1073 et

54 1109 248 1162 Goccm
286 1104 552 1175 mascule
591 1115 1030 1186 expugnasset,
1079 1124 1207 1183 quo
1242 1101 1409 1160 facto
1444 1103 1517 1160 ad
1560 1105 1730 1160 invi—

48 1191 211 1250 diam
235 1191 414 1274 plane
446 1193 803 1250 vicinorum
841 1189 1220 1271 populorum
1239 1203 1300 1249 et
1346 1190 1732 1271 Principum,

45 1278 441 1362 amplissimas
491 1280 675 1338 Asiae
702 1292 764 1338 et
801 1275 1049 1338 Africae
1087 1299 1321 1337 merces
1355 1277 1729 1357 Portugailia

46 1367 220 1428 velut
258 1366 394 1450 jure
440 1369 701 1450 proprio
738 1366 856 1426 sibi
884 1367 1178 1441 asseruit,
1222 1362 1365 1424 hinc
1403 1364 1733 1426 frementes

49 1458 224 1538 quasi
259 1455 713 1537 Aegyptiorum
777 1451 1051 1528 Sultani,
1112 1466 1175 1513 et
1229 1451 1558 1511 furibundi
1603 1453 1735 1511 Ve-

46 1545 205 1618 neti,
253 1545 746 1626 exquisitissimis
779 1543 963 1603 etiam
1014 1539 1575 1600 machinationibus
1637 1538 1735 1599 fe-

47 1631 226 1691 licem
258 1632 763 1714 Portugallorum
797 1650 1142 1690 successum
1190 1629 1493 1713 impedire
1537 1650 1733 1686 cona-

52 1718 276 1777 bantur
302 1763 318 1792 ,
363 1720 466 1779 sed
504 1722 824 1778 incassum:
872 1741 1019 1776 nam
1051 1721 1279 1776 Petrus
1311 1718 1598 1774 Almcrlcs
1619 1716 1736 1775 sub

54 1809 395 1865 Emanaele
457 1808 639 1890 plane
701 1809 897 1889 ipsam
949 1807 1269 1866 Brasiliam
1326 1807 1387 1864 in
1447 1805 1737 1864 America

51 1896 391 1967 inveniens,
413 1894 911 1976 Portugallorum
931 1896 1205 1977 potentia
1224 1894 1300 1953 ad
1320 1916 1630 1952 summum
1651 1891 1738 1951 fe-

55 1982 296 2041 licitatis
352 1981 663 2064 fastigium
714 1995 928 2042 evecta
974 1995 1079 2041 est.
1143 1983 1216 2040 In
1263 1979 1377 2041 hoc
1431 1981 1738 2041 felicitatis

52 2091 241 2127 cursu
309 2070 557 2131 tandem
624 2093 672 2127 a.
751 2071 934 2131 1578.
984 2083 1232 2130 mortuo
1295 2073 1424 2129 sine
1481 2068 1741 2128 haerede

58 2159 337 2214 Henrico
388 2158 734 2231 Cardinali,
781 2171 962 2216 atrox
1005 2171 1221 2217 exorta
1267 2157 1387 2217 fuit
1428 2160 1743 2216 contentio

56 2243 133 2303 de
170 2249 564 2319 successione,
611 2247 669 2325 b)
717 2268 844 2327 quo
890 2248 953 2303 in
995 2245 1291 2305 convulso
1332 2268 1547 2304 rerum
1585 2257 1743 2304 statu

59 2334 393 2415 Hispaniae
435 2335 573 2393 Rex
632 2336 959 2409 Philippus
1014 2335 1099 2390 II.
1149 2337 1279 2393 sine
1327 2356 1501 2392 mora
1556 2336 1741 2391 misso

65 2422 127 2479 in
200 2421 636 2504 Portugalliam
694 2422 901 2482 valido
951 2424 1228 2482 exercitu
1285 2420 1443 2480 duce
1507 2423 1744 2478 Albano

60 2507 239 2567 brevi
284 2521 484 2581 totum
514 2533 779 2595 regnum
811 2512 1172 2594 occupavit,
1218 2510 1332 2571 sub
1370 2507 1539 2593 cujus
1595 2510 1749 2569 diffi-

1554 2596 1665 2656 cil-

136 2745 211 2818 a)
249 2746 562 2799 Emanuelis
595 2748 763 2799 vitam
794 2745 1016 2815 scripsit
1048 2746 1534 2802 Hieron.OsoriuS.
1579 2745 1748 2795 Colo-

227 2816 347 2867 niae
388 2816 540 2868 1597.
582 2816 639 2868 in
676 2816 724 2869 4.
800 2816 859 2884 b)
897 2818 991 2868 Jus
1035 2817 1385 2868 successionis
1425 2815 1750 2884 praetende-

229 2885 359 2936 bant
392 2885 681 2955 Philippus
716 2886 779 2940 Π.
832 2887 949 2936 Rex
995 2886 1307 2956 Hispaniae.
1343 2887 1573 2936 ,loannes
1616 2886 1749 2935 Bra-

225 2954 512 3020 gantinus,
550 2965 604 3004 et
641 2956 908 3007 Antonius
947 2955 1178 3008 NothuS.
1213 2955 1337 3007 vide
1374 2973 1461 3023 ap.
1504 2955 1748 3006 Michae-

231 3025 338 3074 lcm
376 3024 443 3074 ab
468 3023 697 3089 Aguirre
730 3026 794 3075 de
815 3026 1149 3077 successione
1182 3025 1337 3092 regni
1370 3025 1748 3093 Portugalliac.

230 3093 476 3143 Venetiis
517 3093 671 3146 1599.
720 3095 774 3148 in
814 3093 863 3149 4.
918 3096 1046 3148 item
1082 3094 1307 3148 Hieron.
1360 3095 1752 3167 Connestagius

242 3164 476 3216 Venetiis
517 3163 665 3217 1642.
