1940 3672
69 233 373 303 Calamo
425 235 547 304 hic
584 235 955 302 insinuata
997 233 1242 327 potius
1296 253 1520 324 quam
1573 252 1743 298 con-

73 354 347 446 scripta
381 347 581 418 haud
634 371 794 416 esse
848 346 1261 414 futurorum
1314 347 1752 438 praesagia,

72 463 206 536 sed
251 463 633 561 praeclare
650 464 1011 532 Actorum
1050 459 1364 529 totidem
1394 459 1754 528 Testimo-

70 583 197 647 nia
246 591 468 672 atque
509 578 976 673 Argumenta
1001 631 1021 657 ,
1061 588 1283 671 prout
1322 575 1565 669 Caput
1621 574 1754 642 Sa-

72 696 366 775 raceni,
402 691 828 763 ferocientis
865 695 1099 761 instar
1132 690 1329 784 Equi
1372 688 1755 757 absectum

69 813 146 876 in
196 820 404 876 scuto
460 807 700 902 Sigilli
752 806 953 877 clare
1001 819 1336 876 testatur.
1407 805 1525 874 Tu
1573 828 1755 871 vero

67 923 810 993 ILLUSTRISSIME
857 921 1188 992 COMES
1228 923 1661 1016 sanguinem
1698 943 1746 988 a

70 1039 475 1135 Majoribus
521 1039 871 1124 haustum
913 1036 1233 1132 amplius
1285 1036 1534 1106 adhuc
1585 1060 1753 1131 pro-

70 1159 249 1251 priis
286 1156 671 1227 illustrasti
709 1155 1152 1235 Virtutibus,
1184 1150 1357 1221 ideo
1400 1151 1577 1220 dum
1616 1153 1756 1221 TU

72 1272 368 1367 opellae
403 1273 577 1343 huic
609 1296 819 1341 meae
852 1272 1205 1338 Animum
1253 1268 1765 1362 benigniorem

72 1387 500 1471 indulseris,
552 1391 846 1457 nonnisi
892 1387 1260 1483 Majorum
1324 1383 1765 1454 TUORUM

71 1506 365 1575 Decora
405 1507 766 1600 aspicies,
818 1506 897 1570 in
937 1503 1202 1599 quibus
1250 1515 1500 1570 tamen
1547 1498 1760 1568 TUA
1843 1506 1847 1512 ’

72 1620 535 1689 mirabuntur
563 1618 691 1688 alii
715 1672 736 1699 ,
777 1631 1001 1714 atque
1025 1617 1324 1687 illorum
1351 1619 1429 1683 in
1462 1614 1597 1684 TE
1636 1637 1760 1681 au-

77 1751 199 1806 cta
233 1733 813 1831 praedicabunt:
865 1747 1154 1803 tantum
1199 1748 1450 1803 tamen
1500 1729 1712 1799 abest
1738 1782 1759 1809 ‚

75 1866 158 1921 ut
190 1851 316 1921 vel
359 1850 502 1922 hac
529 1853 815 1920 ratione
853 1850 1115 1920 merite
1140 1850 1351 1919 TUA
1389 1872 1488 1944 po
1522 1844 1759 1937 digni-

75 1982 230 2038 tate
269 1992 384 2036 me
426 1980 959 2036 exornaturum
1001 1990 1338 2062 sperem,
1390 1977 1474 2032 ut
1531 1966 1758 2031 etiam

74 2086 430 2182 majorem
479 2081 859 2152 inmodum
894 2105 1202 2160 verear„
1283 2104 1376 2148 ne
1424 2078 1759 2147 inferiori

77 2201 298 2300 longe
336 2197 707 2272 scribendi
748 2223 1018 2295 genere
1060 2197 1305 2267 labem
1331 2198 1579 2293 potius
1628 2191 1765 2263 ad·-

80 2341 420 2414 spergam
438 2319 453 2387 !

235 2530 418 2603 Inde
461 2535 657 2602 enim
696 2531 794 2602 ab
837 2535 1139 2601 ineunte
1191 2540 1438 2598 aetate
1498 2525 1711 2597 TUA
1738 2579 1760 2608 ‚

84 2653 674 2721 amoenissimam
694 2654 893 2721 vitae
944 2662 1232 2747 partem
1252 2651 1330 2715 in
1364 2667 1757 2739 assequen-

82 2769 196 2838 dis
241 2767 717 2845 honestarum
732 2767 1023 2836 Artium
1061 2767 1384 2836 scientiis
1414 2816 1435 2844 9
1487 2784 1760 2828 rerum-

83 2908 227 2977 que
247 2885 677 2955 Divinarum
704 2883 1197 2979 intelligentia
1212 2882 1429 2951 Domi
1464 2891 1538 2947 et
1552 2875 1763 2945 Foris

1513 3016 1671 3062 ma-
