1940 3672
212 133 338 192 280
741 135 1190 193 Historza

118 309 549 369 Arausiaeam
601 305 891 389 dignitati
948 331 1092 371 suae
1148 312 1423 371 restituit
1488 313 1671 370 1787.
1726 311 1814 369 si·-

119 397 354 458 militer
408 400 594 458 etiam
632 420 669 454 a
726 398 990 472 Joseplzo
1039 402 1126 459 II.
1170 404 1556 483 Imperatore
1599 398 1815 478 Belga-

82 516 89 525 ·
119 508 265 545 rum
305 486 531 546 milites
567 506 601 544 e
630 482 911 545 finitimis
948 487 1183 548 Galliae
1214 488 1362 550 locis
1408 490 1606 548 exacti
1644 500 1786 545 sunt
1800 509 1816 562 3

118 574 350 658 quibus
397 571 634 633 damnis
690 573 963 654 perculsi
1015 575 1237 657 Belgae
1288 577 1630 659 neglectam
1682 597 1819 635 rem

115 662 456 722 militarem
483 660 747 744 amplius
778 663 1239 724 instaurandam
1273 664 1723 739 decreverunt3
1755 675 1816 722 et

119 772 317 833 quum
362 751 548 812 1795.
584 747 801 809 foedus
842 751 1225 810 Pilm’tzense
1269 753 1700 836 adoptassent,
1751 764 1820 809 ut

117 859 389 920 cumque
428 836 581 898 fines
632 858 772 898 suos
826 854 1046 899 contra
1094 840 1298 900 Gallos
1352 841 1682 902 defendere
1725 838 1820 898 di-

116 926 438 1001 dicerunt,
497 940 797 1010 sequente
843 941 1050 989 tamen
1091 951 1253 988 anno
1302 928 1378 987 ad
1432 933 1504 988 V
1497 933 1821 987 irenaeum

117 1036 343 1097 magna
373 1013 546 1076 clade
579 1014 782 1075 affecti
802 1063 817 1091 ,
864 1031 1006 1099 post
1035 1016 1244 1098 fugam
1276 1020 1569 1078 Villzelmi
1601 1020 1821 1077 Aracc-

121 1106 281 1162 siaci
319 1105 382 1163 in
432 1103 726 1187 Angliam
773 1105 959 1165 1795.
1009 1105 1200 1166 Gallis
1250 1105 1566 1179 cedenteS,
1634 1104 1825 1164 Galli-

118 1212 310 1252 canae
346 1191 754 1277 Reipublicae
791 1194 1056 1255 similem
1093 1194 1356 1254 formam
1408 1193 1824 1277 adoptarunt3

120 1280 352 1363 quibus
402 1283 467 1339 in
521 1279 829 1361 adjunctis
869 1282 1038 1343 domi
1099 1283 1469 1343 factionibus
1531 1283 1822 1354 lacerati,

118 1369 473 1452 Anglorum
504 1366 750 1429 hostiles
791 1393 1008 1431 manus
1057 1372 1189 1431 inse
1221 1374 1601 1431 concitantes
1665 1369 1824 1429 mul-

118 1471 255 1517 tum
293 1458 413 1517 sibi
461 1472 825 1519 nocuerunt.
873 1461 1030 1520 Nam
1074 1473 1405 1543 postquam
1439 1459 1639 1517 Gallia
1672 1460 1822 1518 Rei-

119 1545 407 1629 publicae
437 1545 703 1607 formam
740 1545 1026 1630 rejiciens
1054 1548 1235 1608 realis
1273 1550 1517 1630 imperii
1555 1547 1821 1606 formam

118 1638 530 1710 assumsisset,
590 1635 840 1718 Belgica
885 1639 1067 1697 etiam
1107 1636 1460 1718 respublica
1506 1635 1708 1708 1806,
1757 1637 1822 1692 in

118 1725 298 1805 regni
349 1723 616 1783 formam
661 1722 910 1784 redacta
962 1746 1173 1805 regem
1218 1724 1494 1783 obtinuit
1538 1726 1816 1781 Ladoni-

119 1834 259 1870 cum
304 1812 677 1888 Bonaparte
724 1834 759 1870 a
807 1834 936 1894 quo
990 1826 1271 1895 tempore
1315 1813 1379 1870 in
1413 1810 1820 1871 confoedera-

120 1903 291 1959 tione
329 1900 644 1960 Gallicana
690 1899 901 1983 plures
952 1901 1218 1960 colonias
1271 1902 1475 1959 amisit
1527 1901 1618 1958 uti
1671 1901 1825 1957 Pro-

121 1993 497 2046 montoriam
571 1991 965 2065 Bonae-spei,
1052 2002 1114 2048 et
1179 1987 1443 2049 insulam
1521 1990 1826 2062 (borasan,

121 2076 313 2135 Gallis
349 2079 496 2137 item
534 2077 758 2138 cedere
791 2076 1009 2138 debuit
1048 2076 1411 2160 Flissingam
1445 2079 1821 2137 Comitatum

120 2165 569 2248 Heerenberg,
632 2177 694 2226 et
734 2166 1026 2225 Dominia
1080 2166 1479 2241 Sevennaer‚
1551 2166 1818 2225 Huissen

121 2275 194 2312 ac
239 2254 690 2336 Marburgum‚
738 2256 888 2313 item
924 2253 1329 2328 Seelandiam‚
1377 2253 1814 2313 Hollandicam

123 2342 524 2401 Brabantiam
559 2355 621 2400 et
655 2356 897 2424 partem
931 2341 1252 2412 Geldriae‚
1317 2345 1569 2424 insuper
1601 2355 1818 2401 contra

122 2431 489 2513 Hispaniam
541 2444 604 2489 et
663 2429 978 2490 Austriam
1041 2430 1311 2491 subsidia
1365 2430 1584 2490 bellica
1639 2434 1822 2490 toties

124 2521 372 2600 quoties
405 2532 718 2599 praestare
751 2519 1063 2603 compulsa
1100 2530 1222 2594 est,
1269 2522 1519 2578 accessit
1556 2532 1617 2579 et
1654 2540 1825 2578 com«-

127 2609 343 2667 mercii
405 2606 951 2690 impedimentum:
1035 2630 1196 2690 quae
1251 2611 1458 2667 omnia
1505 2629 1699 2689 quum
1761 2609 1825 2664 in

127 2699 376 2754 ruinam
416 2708 694 2778 apertam
732 2696 924 2778 Belgii
961 2697 1214 2757 tendere
1250 2699 1664 2780 conspexisset
1693 2699 1828 2754 Lu*

127 2788 377 2843 (Invictas
423 2785 601 2854 Rex,
674 2785 856 2844 1810.
895 2801 1113 2869 sponte
1165 2787 1402 2866 regiam
1457 2785 1824 2866 dignitatem

130 2871 485 2955 deponenS‚
570 2874 851 2954 Belgium
920 2876 1243 2957 provincia
1313 2872 1544 2933 Gallica
1618 2875 1830 2933 evasit.

137 2961 431 3023 Ceterum
481 2959 629 3023 dum
670 2966 988 3039 Napoleon
1046 2963 1391 3047 Imperator
1426 2962 1501 3021 ad
1539 2965 1828 3038 szsiam

1519 3049 1735 3112 decre-
