<?xml version="1.0" encoding="UTF-8"?>
<!DOCTYPE html PUBLIC "-//W3C//DTD XHTML 1.0 Transitional//EN"
    "http://www.w3.org/TR/xhtml1/DTD/xhtml1-transitional.dtd">
<html xmlns="http://www.w3.org/1999/xhtml" xml:lang="en" lang="en">
 <head>
  <title>
</title>
<meta http-equiv="Content-Type" content="text/html;charset=utf-8" />
  <meta name='ocr-system' content='tesseract 3.04.00' />
  <meta name='ocr-capabilities' content='ocr_page ocr_carea ocr_par ocr_line ocrx_word'/>
</head>
<body>
  <div class='ocr_page' id='page_1' title='image "./historiauniversa03nagy_0115.png"; bbox 0 0 1940 3672; ppageno 0'>
   <div class='ocr_carea' id='block_1_1' title="bbox 467 176 1642 240">
    <p class='ocr_par' dir='ltr' id='par_1_1' title="bbox 467 176 1642 240">
     <span class='ocr_line' id='line_1_1' title="bbox 467 176 1642 240; baseline -0.004 -3"><span class='ocrx_word' id='word_1_1' title='bbox 467 180 782 240; x_wconf 69' lang='lat' dir='ltr'><strong>Gallorum</strong></span> <span class='ocrx_word' id='word_1_2' title='bbox 813 186 872 237; x_wconf 77' lang='lat' dir='ltr'><strong>et</strong></span> <span class='ocrx_word' id='word_1_3' title='bbox 908 176 1308 231; x_wconf 70' lang='lat' dir='ltr'><strong>Francorum.</strong></span> <span class='ocrx_word' id='word_1_4' title='bbox 1562 176 1642 234; x_wconf 77' lang='lat'><strong>91</strong></span> 
     </span>
    </p>
   </div>
   <div class='ocr_carea' id='block_1_2' title="bbox 42 349 1741 2719">
    <p class='ocr_par' dir='ltr' id='par_1_2' title="bbox 42 349 1741 2719">
     <span class='ocr_line' id='line_1_2' title="bbox 56 349 1726 440; baseline -0.008 -20"><span class='ocrx_word' id='word_1_5' title='bbox 56 359 238 420; x_wconf 80' lang='lat'>1521.</span> <span class='ocrx_word' id='word_1_6' title='bbox 285 371 566 440; x_wconf 78' lang='lat' dir='ltr'><strong>quartam</strong></span> <span class='ocrx_word' id='word_1_7' title='bbox 605 355 932 410; x_wconf 80' lang='lat' dir='ltr'><strong>Cameram</strong></span> <span class='ocrx_word' id='word_1_8' title='bbox 969 349 1191 431; x_wconf 83' lang='lat' dir='ltr'><strong>adjecit</strong></span> <span class='ocrx_word' id='word_1_9' title='bbox 1227 373 1368 412; x_wconf 86' lang='lat' dir='ltr'><strong>cum</strong></span> <span class='ocrx_word' id='word_1_10' title='bbox 1417 354 1517 410; x_wconf 86' lang='lat'><strong>20.</strong></span> <span class='ocrx_word' id='word_1_11' title='bbox 1564 353 1726 408; x_wconf 86' lang='lat' dir='ltr'><strong>Con-</strong></span> 
     </span>
     <span class='ocr_line' id='line_1_3' title="bbox 47 438 1725 519; baseline -0.005 -14"><span class='ocrx_word' id='word_1_12' title='bbox 47 447 321 519; x_wconf 72' lang='lat' dir='ltr'><strong>silim-iis,</strong></span> <span class='ocrx_word' id='word_1_13' title='bbox 373 449 494 508; x_wconf 86' lang='lat' dir='ltr'><strong>imo</strong></span> <span class='ocrx_word' id='word_1_14' title='bbox 529 440 691 497; x_wconf 88' lang='lat' dir='ltr'><strong>idem</strong></span> <span class='ocrx_word' id='word_1_15' title='bbox 734 459 897 496; x_wconf 87' lang='lat' dir='ltr'><strong>anno</strong></span> <span class='ocrx_word' id='word_1_16' title='bbox 939 438 1121 499; x_wconf 72' lang='lat'>1545.</span> <span class='ocrx_word' id='word_1_17' title='bbox 1168 438 1337 497; x_wconf 82' lang='lat' dir='ltr'><strong>aliud</strong></span> <span class='ocrx_word' id='word_1_18' title='bbox 1385 442 1564 499; x_wconf 79' lang='lat' dir='ltr'><strong>etiam</strong></span> <span class='ocrx_word' id='word_1_19' title='bbox 1606 439 1725 496; x_wconf 89' lang='lat' dir='ltr'><strong>Ju-</strong></span> 
     </span>
     <span class='ocr_line' id='line_1_4' title="bbox 50 525 1725 607; baseline -0.006 -15"><span class='ocrx_word' id='word_1_20' title='bbox 50 533 278 592; x_wconf 86' lang='lat' dir='ltr'><strong>dicium</strong></span> <span class='ocrx_word' id='word_1_21' title='bbox 320 553 462 590; x_wconf 87' lang='lat' dir='ltr'><strong>cum</strong></span> <span class='ocrx_word' id='word_1_22' title='bbox 515 528 611 586; x_wconf 83' lang='lat'><strong>20.</strong></span> <span class='ocrx_word' id='word_1_23' title='bbox 659 525 1034 585; x_wconf 82' lang='lat' dir='ltr'><strong>Consiliariis</strong></span> <span class='ocrx_word' id='word_1_24' title='bbox 1089 528 1393 602; x_wconf 77' lang='lat' dir='ltr'><strong>instituit,</strong></span> <span class='ocrx_word' id='word_1_25' title='bbox 1453 547 1725 607; x_wconf 87' lang='lat' dir='ltr'><strong>quorum</strong></span> 
     </span>
     <span class='ocr_line' id='line_1_5' title="bbox 51 612 1725 696; baseline -0.005 -18"><span class='ocrx_word' id='word_1_26' title='bbox 51 633 255 680; x_wconf 87' lang='lat' dir='ltr'><strong>tamen</strong></span> <span class='ocrx_word' id='word_1_27' title='bbox 304 628 642 677; x_wconf 84' lang='lat' dir='ltr'><strong>conventus</strong></span> <span class='ocrx_word' id='word_1_28' title='bbox 690 624 1024 696; x_wconf 85' lang='lat' dir='ltr'><strong>perpetuus</strong></span> <span class='ocrx_word' id='word_1_29' title='bbox 1066 636 1192 672; x_wconf 91' lang='lat' dir='ltr'><strong>non</strong></span> <span class='ocrx_word' id='word_1_30' title='bbox 1232 613 1367 686; x_wconf 86' lang='lat' dir='ltr'><strong>fuit,</strong></span> <span class='ocrx_word' id='word_1_31' title='bbox 1413 613 1612 673; x_wconf 89' lang='lat' dir='ltr'><strong>solum</strong></span> <span class='ocrx_word' id='word_1_32' title='bbox 1648 612 1725 670; x_wconf 87' lang='lat' dir='ltr'><strong>ad</strong></span> 
     </span>
     <span class='ocr_line' id='line_1_6' title="bbox 48 699 1729 782; baseline -0.005 -17"><span class='ocrx_word' id='word_1_33' title='bbox 48 706 402 766; x_wconf 84' lang='lat' dir='ltr'><strong>mandatum</strong></span> <span class='ocrx_word' id='word_1_34' title='bbox 438 701 637 782; x_wconf 80' lang='lat' dir='ltr'><strong>Regis.</strong></span> <span class='ocrx_word' id='word_1_35' title='bbox 665 734 748 743; x_wconf 85' lang='lat'><strong>-—</strong></span> <span class='ocrx_word' id='word_1_36' title='bbox 783 702 982 760; x_wconf 89' lang='lat' dir='ltr'><strong>Porro</strong></span> <span class='ocrx_word' id='word_1_37' title='bbox 1013 705 1289 761; x_wconf 74' lang='lat' dir='ltr'><strong>existunt</strong></span> <span class='ocrx_word' id='word_1_38' title='bbox 1329 699 1509 761; x_wconf 87' lang='lat' dir='ltr'><strong>hodie</strong></span> <span class='ocrx_word' id='word_1_39' title='bbox 1543 702 1729 760; x_wconf 84' lang='lat' dir='ltr'><strong>etiam</strong></span> 
     </span>
     <span class='ocr_line' id='line_1_7' title="bbox 52 790 1725 870; baseline -0.005 -18"><span class='ocrx_word' id='word_1_40' title='bbox 52 797 117 852; x_wconf 85' lang='lat' dir='ltr'><strong>in</strong></span> <span class='ocrx_word' id='word_1_41' title='bbox 156 790 347 850; x_wconf 81' lang='lat' dir='ltr'><strong>Gallia</strong></span> <span class='ocrx_word' id='word_1_42' title='bbox 383 803 617 870; x_wconf 83' lang='lat' dir='ltr'><strong>septem</strong></span> <span class='ocrx_word' id='word_1_43' title='bbox 656 792 982 847; x_wconf 75' lang='lat' dir='ltr'><strong>ordinaria</strong></span> <span class='ocrx_word' id='word_1_44' title='bbox 1020 792 1311 850; x_wconf 69' lang='lat' dir='ltr'><strong>Jaridi‘ca</strong></span> <span class='ocrx_word' id='word_1_45' title='bbox 1356 791 1725 847; x_wconf 64' lang='lat' dir='ltr'><strong>Par-lamen-</strong></span> 
     </span>
     <span class='ocr_line' id='line_1_8' title="bbox 51 878 1730 954; baseline -0.003 -16"><span class='ocrx_word' id='word_1_46' title='bbox 51 893 122 938; x_wconf 81' lang='lat' dir='ltr'><strong>ta</strong></span> <span class='ocrx_word' id='word_1_47' title='bbox 178 879 267 938; x_wconf 84' lang='lat' dir='ltr'><strong>uti</strong></span> <span class='ocrx_word' id='word_1_48' title='bbox 312 879 666 936; x_wconf 76' lang='lat' dir='ltr'><strong>Parisietzse</strong></span> <span class='ocrx_word' id='word_1_49' title='bbox 691 920 706 950; x_wconf 84' lang='lat'>‚</span> <span class='ocrx_word' id='word_1_50' title='bbox 782 878 1186 952; x_wconf 71' lang='lat' dir='ltr'><em>Tolosanum,</em></span> <span class='ocrx_word' id='word_1_51' title='bbox 1234 881 1730 954; x_wconf 77' lang='lat' dir='ltr'><strong>Rotomagense,</strong></span> 
     </span>
     <span class='ocr_line' id='line_1_9' title="bbox 48 963 1724 1042; baseline -0.004 -16"><span class='ocrx_word' id='word_1_52' title='bbox 48 968 539 1042; x_wconf 69' lang='lat' dir='ltr'><strong>Burdigalense‚</strong></span> <span class='ocrx_word' id='word_1_53' title='bbox 600 963 888 1040; x_wconf 75' lang='lat' dir='ltr'><strong>Aqlietzse</strong></span> <span class='ocrx_word' id='word_1_54' title='bbox 923 1009 939 1038; x_wconf 85' lang='lat'>‚</span> <span class='ocrx_word' id='word_1_55' title='bbox 1024 967 1724 1040; x_wconf 75' lang='lat' dir='ltr'><strong>Gratianopolitatzum,</strong></span> 
     </span>
     <span class='ocr_line' id='line_1_10' title="bbox 58 1050 1740 1136; baseline -0.002 -24"><span class='ocrx_word' id='word_1_56' title='bbox 58 1074 216 1136; x_wconf 86' lang='lat' dir='ltr'><strong>quae</strong></span> <span class='ocrx_word' id='word_1_57' title='bbox 239 1075 388 1134; x_wconf 84' lang='lat' dir='ltr'><strong>prae</strong></span> <span class='ocrx_word' id='word_1_58' title='bbox 428 1052 649 1112; x_wconf 87' lang='lat' dir='ltr'><strong>ceteris</strong></span> <span class='ocrx_word' id='word_1_59' title='bbox 671 1053 860 1110; x_wconf 84' lang='lat' dir='ltr'><strong>curiis</strong></span> <span class='ocrx_word' id='word_1_60' title='bbox 904 1051 1338 1133; x_wconf 81' lang='lat' dir='ltr'><strong>amplissimam</strong></span> <span class='ocrx_word' id='word_1_61' title='bbox 1364 1050 1740 1134; x_wconf 80' lang='lat' dir='ltr'><strong>jurisdictio—</strong></span> 
     </span>
     <span class='ocr_line' id='line_1_11' title="bbox 50 1138 1734 1220; baseline -0.001 -19"><span class='ocrx_word' id='word_1_62' title='bbox 50 1162 200 1202; x_wconf 87' lang='lat' dir='ltr'><strong>nem</strong></span> <span class='ocrx_word' id='word_1_63' title='bbox 247 1138 501 1217; x_wconf 84' lang='lat' dir='ltr'><strong>habent3</strong></span> <span class='ocrx_word' id='word_1_64' title='bbox 546 1153 931 1220; x_wconf 83' lang='lat' dir='ltr'><strong>cognoscunt</strong></span> <span class='ocrx_word' id='word_1_65' title='bbox 980 1140 1146 1198; x_wconf 89' lang='lat' dir='ltr'><strong>enim</strong></span> <span class='ocrx_word' id='word_1_66' title='bbox 1199 1140 1437 1220; x_wconf 84' lang='lat' dir='ltr'><strong>singula</strong></span> <span class='ocrx_word' id='word_1_67' title='bbox 1479 1139 1556 1199; x_wconf 91' lang='lat' dir='ltr'><strong>de</strong></span> <span class='ocrx_word' id='word_1_68' title='bbox 1596 1161 1734 1199; x_wconf 82' lang='lat' dir='ltr'><strong>om·-</strong></span> 
     </span>
     <span class='ocr_line' id='line_1_12' title="bbox 46 1225 1735 1308; baseline -0.002 -20"><span class='ocrx_word' id='word_1_69' title='bbox 46 1229 230 1289; x_wconf 89' lang='lat' dir='ltr'><strong>nibus</strong></span> <span class='ocrx_word' id='word_1_70' title='bbox 276 1230 506 1302; x_wconf 81' lang='lat' dir='ltr'><strong>causis,</strong></span> <span class='ocrx_word' id='word_1_71' title='bbox 570 1248 842 1308; x_wconf 85' lang='lat' dir='ltr'><strong>quorum</strong></span> <span class='ocrx_word' id='word_1_72' title='bbox 903 1230 1221 1290; x_wconf 79' lang='lat' dir='ltr'><strong>sententiis</strong></span> <span class='ocrx_word' id='word_1_73' title='bbox 1274 1225 1559 1286; x_wconf 82' lang='lat' dir='ltr'><strong>standum</strong></span> <span class='ocrx_word' id='word_1_74' title='bbox 1606 1240 1735 1295; x_wconf 88' lang='lat' dir='ltr'><strong>est,</strong></span> 
     </span>
     <span class='ocr_line' id='line_1_13' title="bbox 46 1314 1737 1397; baseline -0.003 -23"><span class='ocrx_word' id='word_1_75' title='bbox 46 1338 175 1376; x_wconf 91' lang='lat' dir='ltr'><strong>non</strong></span> <span class='ocrx_word' id='word_1_76' title='bbox 228 1320 396 1377; x_wconf 88' lang='lat' dir='ltr'><strong>enim</strong></span> <span class='ocrx_word' id='word_1_77' title='bbox 426 1316 504 1375; x_wconf 82' lang='lat' dir='ltr'><strong>ab</strong></span> <span class='ocrx_word' id='word_1_78' title='bbox 545 1314 664 1373; x_wconf 89' lang='lat' dir='ltr'><strong>illis</strong></span> <span class='ocrx_word' id='word_1_79' title='bbox 704 1314 847 1375; x_wconf 84' lang='lat' dir='ltr'><strong>licet</strong></span> <span class='ocrx_word' id='word_1_80' title='bbox 881 1314 1224 1397; x_wconf 82' lang='lat' dir='ltr'><strong>appellare:</strong></span> <span class='ocrx_word' id='word_1_81' title='bbox 1272 1315 1612 1375; x_wconf 85' lang='lat' dir='ltr'><strong>Parisiense</strong></span> <span class='ocrx_word' id='word_1_82' title='bbox 1648 1327 1737 1372; x_wconf 68' lang='lat' dir='ltr'><strong>ta-</strong></span> 
     </span>
     <span class='ocr_line' id='line_1_14' title="bbox 46 1399 1733 1487; baseline -0.004 -23"><span class='ocrx_word' id='word_1_83' title='bbox 46 1425 191 1464; x_wconf 87' lang='lat' dir='ltr'><strong>men</strong></span> <span class='ocrx_word' id='word_1_84' title='bbox 247 1403 398 1463; x_wconf 85' lang='lat' dir='ltr'><strong>illud</strong></span> <span class='ocrx_word' id='word_1_85' title='bbox 438 1424 587 1487; x_wconf 85' lang='lat' dir='ltr'><strong>prae</strong></span> <span class='ocrx_word' id='word_1_86' title='bbox 628 1406 849 1463; x_wconf 84' lang='lat' dir='ltr'><strong>ceteris</strong></span> <span class='ocrx_word' id='word_1_87' title='bbox 886 1401 1102 1477; x_wconf 82' lang='lat' dir='ltr'><strong>habet,</strong></span> <span class='ocrx_word' id='word_1_88' title='bbox 1168 1401 1339 1484; x_wconf 87' lang='lat' dir='ltr'><strong>quod</strong></span> <span class='ocrx_word' id='word_1_89' title='bbox 1394 1399 1733 1482; x_wconf 80' lang='lat' dir='ltr'><strong>aliquando</strong></span> 
     </span>
     <span class='ocr_line' id='line_1_15' title="bbox 47 1487 1730 1574; baseline -0.002 -25"><span class='ocrx_word' id='word_1_90' title='bbox 47 1493 163 1573; x_wconf 85' lang='lat' dir='ltr'><strong>ipsi</strong></span> <span class='ocrx_word' id='word_1_91' title='bbox 198 1495 383 1552; x_wconf 84' lang='lat' dir='ltr'><strong>etiam</strong></span> <span class='ocrx_word' id='word_1_92' title='bbox 435 1493 633 1574; x_wconf 82' lang='lat' dir='ltr'>Reges</span> <span class='ocrx_word' id='word_1_93' title='bbox 672 1491 747 1549; x_wconf 87' lang='lat' dir='ltr'><strong>ad</strong></span> <span class='ocrx_word' id='word_1_94' title='bbox 798 1490 861 1551; x_wconf 88' lang='lat' dir='ltr'><strong>id</strong></span> <span class='ocrx_word' id='word_1_95' title='bbox 898 1493 1115 1550; x_wconf 86' lang='lat' dir='ltr'><strong>venire</strong></span> <span class='ocrx_word' id='word_1_96' title='bbox 1147 1490 1382 1550; x_wconf 82' lang='lat' dir='ltr'><strong>soleant</strong></span> <span class='ocrx_word' id='word_1_97' title='bbox 1405 1535 1422 1561; x_wconf 93' lang='lat'><strong><em>,</em></strong></span> <span class='ocrx_word' id='word_1_98' title='bbox 1470 1488 1620 1546; x_wconf 87' lang='lat' dir='ltr'><strong>dum</strong></span> <span class='ocrx_word' id='word_1_99' title='bbox 1652 1487 1730 1546; x_wconf 88' lang='lat' dir='ltr'><strong>de</strong></span> 
     </span>
     <span class='ocr_line' id='line_1_16' title="bbox 45 1577 1733 1642; baseline -0.005 -2"><span class='ocrx_word' id='word_1_100' title='bbox 45 1581 327 1641; x_wconf 76' lang='lat' dir='ltr'><strong>maximis</strong></span> <span class='ocrx_word' id='word_1_101' title='bbox 374 1581 558 1642; x_wconf 84' lang='lat' dir='ltr'><strong>rebus</strong></span> <span class='ocrx_word' id='word_1_102' title='bbox 590 1577 928 1641; x_wconf 82' lang='lat' dir='ltr'><strong>decernere</strong></span> <span class='ocrx_word' id='word_1_103' title='bbox 967 1578 1213 1641; x_wconf 84' lang='lat' dir='ltr'><strong>vellent.</strong></span> <span class='ocrx_word' id='word_1_104' title='bbox 1262 1581 1733 1636; x_wconf 71' lang='lat' dir='ltr'><strong>Par-lamentam</strong></span> 
     </span>
     <span class='ocr_line' id='line_1_17' title="bbox 42 1666 1732 1731; baseline -0.003 -4"><span class='ocrx_word' id='word_1_105' title='bbox 42 1669 233 1727; x_wconf 84' lang='lat' dir='ltr'><strong>etiam</strong></span> <span class='ocrx_word' id='word_1_106' title='bbox 307 1669 672 1729; x_wconf 86' lang='lat' dir='ltr'><strong>Universale</strong></span> <span class='ocrx_word' id='word_1_107' title='bbox 730 1666 919 1731; x_wconf 79' lang='lat' dir='ltr'>fixam</span> <span class='ocrx_word' id='word_1_108' title='bbox 967 1687 1139 1725; x_wconf 85' lang='lat' dir='ltr'><strong>suam</strong></span> <span class='ocrx_word' id='word_1_109' title='bbox 1206 1666 1413 1727; x_wconf 89' lang='lat' dir='ltr'><strong>sedem</strong></span> <span class='ocrx_word' id='word_1_110' title='bbox 1482 1666 1732 1724; x_wconf 83' lang='lat' dir='ltr'><strong>Parisiis</strong></span> 
     </span>
     <span class='ocr_line' id='line_1_18' title="bbox 46 1751 1733 1839; baseline -0.004 -24"><span class='ocrx_word' id='word_1_111' title='bbox 46 1751 264 1830; x_wconf 83' lang='lat' dir='ltr'><strong>habet,</strong></span> <span class='ocrx_word' id='word_1_112' title='bbox 311 1756 482 1839; x_wconf 86' lang='lat' dir='ltr'><strong>quod</strong></span> <span class='ocrx_word' id='word_1_113' title='bbox 521 1756 666 1815; x_wconf 84' lang='lat' dir='ltr'><strong>alias</strong></span> <span class='ocrx_word' id='word_1_114' title='bbox 711 1759 1020 1834; x_wconf 77' lang='lat' dir='ltr'><strong>Magnam</strong></span> <span class='ocrx_word' id='word_1_115' title='bbox 1069 1757 1403 1813; x_wconf 72' lang='lat' dir='ltr'><strong>Consilium</strong></span> <span class='ocrx_word' id='word_1_116' title='bbox 1435 1766 1733 1823; x_wconf 86' lang='lat' dir='ltr'><strong>vocatur,</strong></span> 
     </span>
     <span class='ocr_line' id='line_1_19' title="bbox 50 1841 1736 1927; baseline -0.002 -26"><span class='ocrx_word' id='word_1_117' title='bbox 50 1842 223 1926; x_wconf 85' lang='lat' dir='ltr'><strong>quod</strong></span> <span class='ocrx_word' id='word_1_118' title='bbox 268 1846 432 1904; x_wconf 86' lang='lat' dir='ltr'><strong>circa</strong></span> <span class='ocrx_word' id='word_1_119' title='bbox 498 1846 675 1927; x_wconf 82' lang='lat' dir='ltr'><strong>regni</strong></span> <span class='ocrx_word' id='word_1_120' title='bbox 727 1845 974 1925; x_wconf 82' lang='lat' dir='ltr'><strong>negotia</strong></span> <span class='ocrx_word' id='word_1_121' title='bbox 1026 1846 1316 1927; x_wconf 81' lang='lat' dir='ltr'><strong>occupari</strong></span> <span class='ocrx_word' id='word_1_122' title='bbox 1364 1841 1536 1902; x_wconf 89' lang='lat' dir='ltr'><strong>solet.</strong></span> <span class='ocrx_word' id='word_1_123' title='bbox 1628 1842 1736 1898; x_wconf 84' lang='lat' dir='ltr'><strong>Est</strong></span> 
     </span>
     <span class='ocr_line' id='line_1_20' title="bbox 51 1923 1733 2005; baseline -0.003 -15"><span class='ocrx_word' id='word_1_124' title='bbox 51 1933 237 1990; x_wconf 84' lang='lat' dir='ltr'><strong>etiam</strong></span> <span class='ocrx_word' id='word_1_125' title='bbox 272 1946 579 1993; x_wconf 86' lang='lat' dir='ltr'><strong>secretum</strong></span> <span class='ocrx_word' id='word_1_126' title='bbox 624 1932 988 2005; x_wconf 81' lang='lat' dir='ltr'><strong>Consilium,</strong></span> <span class='ocrx_word' id='word_1_127' title='bbox 1035 1933 1140 1993; x_wconf 85' lang='lat' dir='ltr'><strong>ubi</strong></span> <span class='ocrx_word' id='word_1_128' title='bbox 1175 1933 1380 1993; x_wconf 85' lang='lat' dir='ltr'><strong>omnia</strong></span> <span class='ocrx_word' id='word_1_129' title='bbox 1416 1923 1733 1999; x_wconf 78' lang='lat' dir='ltr'><strong>beneficia,</strong></span> 
     </span>
     <span class='ocr_line' id='line_1_21' title="bbox 47 2017 1729 2101; baseline -0.002 -24"><span class='ocrx_word' id='word_1_130' title='bbox 47 2017 319 2080; x_wconf 77' lang='lat' dir='ltr'><strong>Litterae</strong></span> <span class='ocrx_word' id='word_1_131' title='bbox 376 2035 437 2082; x_wconf 88' lang='lat' dir='ltr'><strong>et</strong></span> <span class='ocrx_word' id='word_1_132' title='bbox 477 2019 759 2080; x_wconf 85' lang='lat' dir='ltr'><strong>mandata</strong></span> <span class='ocrx_word' id='word_1_133' title='bbox 806 2020 973 2100; x_wconf 82' lang='lat' dir='ltr'><strong>regia</strong></span> <span class='ocrx_word' id='word_1_134' title='bbox 1034 2022 1392 2101; x_wconf 77' lang='lat' dir='ltr'><strong>signantur,</strong></span> <span class='ocrx_word' id='word_1_135' title='bbox 1460 2017 1729 2078; x_wconf 84' lang='lat' dir='ltr'><strong>aliorum</strong></span> 
     </span>
     <span class='ocr_line' id='line_1_22' title="bbox 54 2108 1733 2191; baseline -0.001 -25"><span class='ocrx_word' id='word_1_136' title='bbox 54 2108 415 2191; x_wconf 80' lang='lat' dir='ltr'><strong>Principum</strong></span> <span class='ocrx_word' id='word_1_137' title='bbox 489 2123 551 2169; x_wconf 86' lang='lat' dir='ltr'><strong>et</strong></span> <span class='ocrx_word' id='word_1_138' title='bbox 610 2110 987 2189; x_wconf 84' lang='lat' dir='ltr'><strong>Legatorum</strong></span> <span class='ocrx_word' id='word_1_139' title='bbox 1059 2108 1306 2168; x_wconf 82' lang='lat' dir='ltr'><strong>Literae</strong></span> <span class='ocrx_word' id='word_1_140' title='bbox 1360 2119 1733 2167; x_wconf 59' lang='lat' dir='ltr'><strong>reserantur„</strong></span> 
     </span>
     <span class='ocr_line' id='line_1_23' title="bbox 50 2192 1738 2276; baseline -0.002 -21"><span class='ocrx_word' id='word_1_141' title='bbox 50 2195 246 2256; x_wconf 84' lang='lat' dir='ltr'><strong>Aliud</strong></span> <span class='ocrx_word' id='word_1_142' title='bbox 277 2211 367 2256; x_wconf 88' lang='lat' dir='ltr'><strong>est</strong></span> <span class='ocrx_word' id='word_1_143' title='bbox 403 2199 629 2257; x_wconf 86' lang='lat' dir='ltr'><strong>iterum</strong></span> <span class='ocrx_word' id='word_1_144' title='bbox 685 2198 1020 2255; x_wconf 75' lang='lat' dir='ltr'><strong>Consilium</strong></span> <span class='ocrx_word' id='word_1_145' title='bbox 1073 2197 1526 2254; x_wconf 78' lang='lat' dir='ltr'><strong>Financiarum</strong></span> <span class='ocrx_word' id='word_1_146' title='bbox 1565 2192 1738 2276; x_wconf 83' lang='lat' dir='ltr'><strong>quod.</strong></span> 
     </span>
     <span class='ocr_line' id='line_1_24' title="bbox 51 2282 1736 2367; baseline -0.002 -25"><span class='ocrx_word' id='word_1_147' title='bbox 51 2285 239 2346; x_wconf 87' lang='lat' dir='ltr'><strong>totius</strong></span> <span class='ocrx_word' id='word_1_148' title='bbox 272 2287 444 2367; x_wconf 80' lang='lat' dir='ltr'><strong>regni</strong></span> <span class='ocrx_word' id='word_1_149' title='bbox 487 2283 780 2346; x_wconf 63' lang='lat' dir='ltr'><strong>thesauri}</strong></span> <span class='ocrx_word' id='word_1_150' title='bbox 815 2305 1030 2347; x_wconf 86' lang='lat' dir='ltr'><strong>curam</strong></span> <span class='ocrx_word' id='word_1_151' title='bbox 1067 2282 1264 2344; x_wconf 83' lang='lat' dir='ltr'><strong>habet.</strong></span> <span class='ocrx_word' id='word_1_152' title='bbox 1312 2282 1392 2361; x_wconf 84' lang='lat' dir='ltr'><strong>a)</strong></span> <span class='ocrx_word' id='word_1_153' title='bbox 1441 2284 1532 2343; x_wconf 81' lang='lat' dir='ltr'><strong>Ex</strong></span> <span class='ocrx_word' id='word_1_154' title='bbox 1591 2284 1736 2364; x_wconf 82' lang='lat' dir='ltr'><strong>qui-</strong></span> 
     </span>
     <span class='ocr_line' id='line_1_25' title="bbox 53 2372 1740 2456; baseline -0.002 -25"><span class='ocrx_word' id='word_1_155' title='bbox 53 2372 167 2431; x_wconf 89' lang='lat' dir='ltr'><strong>bus</strong></span> <span class='ocrx_word' id='word_1_156' title='bbox 225 2374 511 2434; x_wconf 86' lang='lat' dir='ltr'><strong>omnihus</strong></span> <span class='ocrx_word' id='word_1_157' title='bbox 563 2386 733 2456; x_wconf 85' lang='lat' dir='ltr'><strong>patet</strong></span> <span class='ocrx_word' id='word_1_158' title='bbox 767 2373 1008 2454; x_wconf 81' lang='lat' dir='ltr'><strong>Regum</strong></span> <span class='ocrx_word' id='word_1_159' title='bbox 1051 2373 1434 2433; x_wconf 84' lang='lat' dir='ltr'><strong>Francorum</strong></span> <span class='ocrx_word' id='word_1_160' title='bbox 1470 2384 1740 2455; x_wconf 82' lang='lat' dir='ltr'><strong>potesta-</strong></span> 
     </span>
     <span class='ocr_line' id='line_1_26' title="bbox 52 2459 1741 2544; baseline -0.002 -26"><span class='ocrx_word' id='word_1_161' title='bbox 52 2474 180 2519; x_wconf 81' lang='lat' dir='ltr'><strong>tem</strong></span> <span class='ocrx_word' id='word_1_162' title='bbox 223 2463 520 2524; x_wconf 81' lang='lat' dir='ltr'><strong>continuo</strong></span> <span class='ocrx_word' id='word_1_163' title='bbox 562 2461 748 2523; x_wconf 85' lang='lat' dir='ltr'><strong>fuisse</strong></span> <span class='ocrx_word' id='word_1_164' title='bbox 791 2459 1134 2536; x_wconf 82' lang='lat' dir='ltr'><strong>limitatam,</strong></span> <span class='ocrx_word' id='word_1_165' title='bbox 1181 2462 1416 2544; x_wconf 84' lang='lat' dir='ltr'><strong>primus</strong></span> <span class='ocrx_word' id='word_1_166' title='bbox 1451 2459 1573 2519; x_wconf 88' lang='lat' dir='ltr'><strong>fuit</strong></span> <span class='ocrx_word' id='word_1_167' title='bbox 1607 2462 1741 2516; x_wconf 75' lang='lat' dir='ltr'><strong>Lu-</strong></span> 
     </span>
     <span class='ocr_line' id='line_1_27' title="bbox 55 2547 1738 2633; baseline 0.001 -28"><span class='ocrx_word' id='word_1_168' title='bbox 55 2552 300 2606; x_wconf 77' lang='lat' dir='ltr'><strong>clovicas</strong></span> <span class='ocrx_word' id='word_1_169' title='bbox 345 2552 462 2612; x_wconf 78' lang='lat' dir='ltr'><strong>XI,</strong></span> <span class='ocrx_word' id='word_1_170' title='bbox 508 2552 616 2633; x_wconf 87' lang='lat' dir='ltr'><strong>qui</strong></span> <span class='ocrx_word' id='word_1_171' title='bbox 650 2551 816 2611; x_wconf 82' lang='lat' dir='ltr'><strong>viam</strong></span> <span class='ocrx_word' id='word_1_172' title='bbox 857 2547 936 2608; x_wconf 84' lang='lat' dir='ltr'><strong>ad</strong></span> <span class='ocrx_word' id='word_1_173' title='bbox 985 2551 1337 2612; x_wconf 81' lang='lat' dir='ltr'><strong>absolutum</strong></span> <span class='ocrx_word' id='word_1_174' title='bbox 1378 2549 1738 2607; x_wconf 87' lang='lat' dir='ltr'><strong>Dominium</strong></span> 
     </span>
     <span class='ocr_line' id='line_1_28' title="bbox 1481 2650 1654 2719; baseline 0.006 -25"><span class='ocrx_word' id='word_1_175' title='bbox 1481 2650 1654 2719; x_wconf 63' lang='lat' dir='ltr'><strong>pate÷</strong></span> 
     </span>
    </p>
   </div>
   <div class='ocr_carea' id='block_1_3' title="bbox 76 2746 389 2759">
    <p class='ocr_par' dir='ltr' id='par_1_3' title="bbox 76 2746 389 2759">
     <span class='ocr_line' id='line_1_29' title="bbox 76 2746 389 2759; baseline 0 913"><span class='ocrx_word' id='word_1_176' title='bbox 76 2746 389 2759; x_wconf 95' lang='lat' dir='ltr'><strong> </strong></span> 
     </span>
    </p>
   </div>
   <div class='ocr_carea' id='block_1_4' title="bbox 137 2802 1737 3002">
    <p class='ocr_par' dir='ltr' id='par_1_4' title="bbox 137 2802 1737 3002">
     <span class='ocr_line' id='line_1_30' title="bbox 137 2802 1734 2876; baseline -0.002 -20"><span class='ocrx_word' id='word_1_177' title='bbox 137 2803 209 2876; x_wconf 82' lang='lat' dir='ltr'><strong>a)</strong></span> <span class='ocrx_word' id='word_1_178' title='bbox 248 2803 423 2876; x_wconf 79' lang='lat' dir='ltr'><strong>Supra</strong></span> <span class='ocrx_word' id='word_1_179' title='bbox 452 2805 774 2860; x_wconf 53' lang='lat' dir='ltr'><strong>citathltem</strong></span> <span class='ocrx_word' id='word_1_180' title='bbox 795 2806 965 2860; x_wconf 79' lang='lat' dir='ltr'><strong>David</strong></span> <span class='ocrx_word' id='word_1_181' title='bbox 985 2806 1050 2859; x_wconf 84' lang='lat' dir='ltr'><strong>de</strong></span> <span class='ocrx_word' id='word_1_182' title='bbox 1075 2807 1345 2858; x_wconf 74' lang='lat' dir='ltr'><strong>solemne.</strong></span> <span class='ocrx_word' id='word_1_183' title='bbox 1380 2806 1556 2875; x_wconf 79' lang='lat' dir='ltr'><strong>Haye.</strong></span> <span class='ocrx_word' id='word_1_184' title='bbox 1583 2802 1734 2861; x_wconf 70' lang='lat'><strong>1632,</strong></span> 
     </span>
     <span class='ocr_line' id='line_1_31' title="bbox 186 2872 1732 2951; baseline 0.001 -28"><span class='ocrx_word' id='word_1_185' title='bbox 186 2880 189 2882; x_wconf 82' lang='grc'><strong>’</strong></span> <span class='ocrx_word' id='word_1_186' title='bbox 216 2872 315 2930; x_wconf 82' lang='lat' dir='ltr'><strong>fol.</strong></span> <span class='ocrx_word' id='word_1_187' title='bbox 349 2875 530 2951; x_wconf 55' lang='lat' dir='ltr'><strong>Jecob.</strong></span> <span class='ocrx_word' id='word_1_188' title='bbox 571 2875 775 2927; x_wconf 68' lang='lat' dir='ltr'><strong>Ribier.</strong></span> <span class='ocrx_word' id='word_1_189' title='bbox 808 2877 1043 2929; x_wconf 82' lang='lat' dir='ltr'><strong>Parisiis.</strong></span> <span class='ocrx_word' id='word_1_190' title='bbox 1069 2875 1215 2929; x_wconf 81' lang='lat'><strong>1629.</strong></span> <span class='ocrx_word' id='word_1_191' title='bbox 1242 2877 1298 2928; x_wconf 87' lang='lat' dir='ltr'><strong>in</strong></span> <span class='ocrx_word' id='word_1_192' title='bbox 1334 2874 1387 2931; x_wconf 82' lang='lat'><strong>4.</strong></span> <span class='ocrx_word' id='word_1_193' title='bbox 1421 2876 1732 2937; x_wconf 74' lang='lat' dir='ltr'><strong>Franciscus</strong></span> 
     </span>
     <span class='ocr_line' id='line_1_32' title="bbox 215 2942 1737 3002; baseline 0.002 -9"><span class='ocrx_word' id='word_1_194' title='bbox 215 2942 445 2995; x_wconf 73' lang='lat' dir='ltr'><strong>Lancius</strong></span> <span class='ocrx_word' id='word_1_195' title='bbox 471 2982 484 3002; x_wconf 96' lang='lat'>‚</span> <span class='ocrx_word' id='word_1_196' title='bbox 545 2943 611 2994; x_wconf 84' lang='lat' dir='ltr'><strong>de</strong></span> <span class='ocrx_word' id='word_1_197' title='bbox 660 2944 869 2998; x_wconf 81' lang='lat' dir='ltr'><strong>Sanctis</strong></span> <span class='ocrx_word' id='word_1_198' title='bbox 914 2947 1244 3000; x_wconf 85' lang='lat' dir='ltr'><strong>Francorum</strong></span> <span class='ocrx_word' id='word_1_199' title='bbox 1291 2945 1637 2998; x_wconf 79' lang='lat' dir='ltr'><strong>cancellariis</strong></span> <span class='ocrx_word' id='word_1_200' title='bbox 1681 2948 1737 2997; x_wconf 84' lang='lat' dir='ltr'><strong>in</strong></span> 
     </span>
    </p>
   </div>
   <div class='ocr_carea' id='block_1_5' title="bbox 216 3013 1733 3145">
    <p class='ocr_par' dir='ltr' id='par_1_5' title="bbox 216 3013 1733 3145">
     <span class='ocr_line' id='line_1_33' title="bbox 216 3013 1733 3079; baseline 0.005 -19"><span class='ocrx_word' id='word_1_201' title='bbox 216 3028 425 3079; x_wconf 85' lang='lat' dir='ltr'><strong>genere.</strong></span> <span class='ocrx_word' id='word_1_202' title='bbox 461 3014 692 3065; x_wconf 79' lang='lat' dir='ltr'><strong>Parisiis·</strong></span> <span class='ocrx_word' id='word_1_203' title='bbox 734 3013 892 3074; x_wconf 76' lang='grc'><strong>1634.</strong></span> <span class='ocrx_word' id='word_1_204' title='bbox 943 3018 998 3070; x_wconf 81' lang='lat' dir='ltr'><strong>in</strong></span> <span class='ocrx_word' id='word_1_205' title='bbox 1029 3016 1078 3068; x_wconf 86' lang='lat'><strong>4.</strong></span> <span class='ocrx_word' id='word_1_206' title='bbox 1116 3017 1431 3069; x_wconf 76' lang='lat' dir='ltr'><strong>Francisous</strong></span> <span class='ocrx_word' id='word_1_207' title='bbox 1461 3016 1526 3069; x_wconf 83' lang='lat' dir='ltr'><strong>de</strong></span> <span class='ocrx_word' id='word_1_208' title='bbox 1563 3016 1733 3067; x_wconf 71' lang='lat' dir='ltr'><strong>Ches-</strong></span> 
     </span>
     <span class='ocr_line' id='line_1_34' title="bbox 219 3082 720 3145; baseline 0.008 -13"><span class='ocrx_word' id='word_1_209' title='bbox 219 3100 302 3145; x_wconf 70' lang='grc' dir='ltr'><strong>με.</strong></span> <span class='ocrx_word' id='word_1_210' title='bbox 347 3082 535 3142; x_wconf 58' lang='lat' dir='ltr'><strong>Pariis.</strong></span> <span class='ocrx_word' id='word_1_211' title='bbox 570 3082 720 3136; x_wconf 80' lang='grc'><strong>1680.</strong></span> 
     </span>
    </p>
   </div>
  </div>
 </body>
</html>
