<?xml version="1.0" encoding="UTF-8"?>
<!DOCTYPE html PUBLIC "-//W3C//DTD XHTML 1.0 Transitional//EN"
    "http://www.w3.org/TR/xhtml1/DTD/xhtml1-transitional.dtd">
<html xmlns="http://www.w3.org/1999/xhtml" xml:lang="en" lang="en">
 <head>
  <title>
</title>
<meta http-equiv="Content-Type" content="text/html;charset=utf-8" />
  <meta name='ocr-system' content='tesseract 3.04.00' />
  <meta name='ocr-capabilities' content='ocr_page ocr_carea ocr_par ocr_line ocrx_word'/>
</head>
<body>
  <div class='ocr_page' id='page_1' title='image "./historiauniversa03nagy_0088.png"; bbox 0 0 1940 3672; ppageno 0'>
   <div class='ocr_carea' id='block_1_1' title="bbox 269 167 1219 226">
    <p class='ocr_par' dir='ltr' id='par_1_1' title="bbox 269 167 1219 226">
     <span class='ocr_line' id='line_1_1' title="bbox 269 167 1219 226; baseline -0.001 -2"><span class='ocrx_word' id='word_1_1' title='bbox 269 167 348 226; x_wconf 67' lang='lat'><strong>(54</strong></span> <span class='ocrx_word' id='word_1_2' title='bbox 802 169 1219 224; x_wconf 73' lang='lat' dir='ltr'><strong>Ilistot·c&#39;(c</strong></span> 
     </span>
    </p>
   </div>
   <div class='ocr_carea' id='block_1_2' title="bbox 172 338 1912 605">
    <p class='ocr_par' dir='ltr' id='par_1_2' title="bbox 172 338 1912 605">
     <span class='ocr_line' id='line_1_2' title="bbox 172 338 1912 428; baseline 0 -23"><span class='ocrx_word' id='word_1_3' title='bbox 172 349 486 407; x_wconf 86' lang='lat' dir='ltr'><strong>Pestinum</strong></span> <span class='ocrx_word' id='word_1_4' title='bbox 510 350 698 422; x_wconf 88' lang='lat' dir='ltr'><strong>venit,</strong></span> <span class='ocrx_word' id='word_1_5' title='bbox 718 346 827 406; x_wconf 86' lang='lat' dir='ltr'><strong>ubi</strong></span> <span class='ocrx_word' id='word_1_6' title='bbox 861 347 1144 428; x_wconf 87' lang='lat' dir='ltr'><strong>inspectis</strong></span> <span class='ocrx_word' id='word_1_7' title='bbox 1169 368 1352 427; x_wconf 88' lang='lat' dir='ltr'><strong>quam</strong></span> <span class='ocrx_word' id='word_1_8' title='bbox 1392 344 1862 427; x_wconf 74' lang='lat' dir='ltr'><strong>diligentissime</strong></span> <span class='ocrx_word' id='word_1_9' title='bbox 1908 338 1912 343; x_wconf 42' lang='lat'><strong><em>¹</em></strong></span> 
     </span>
     <span class='ocr_line' id='line_1_3' title="bbox 175 434 1858 519; baseline 0.001 -26"><span class='ocrx_word' id='word_1_10' title='bbox 175 439 405 496; x_wconf 87' lang='lat' dir='ltr'><strong>cunctis</strong></span> <span class='ocrx_word' id='word_1_11' title='bbox 474 438 806 510; x_wconf 78' lang='lat' dir='ltr'><strong>institutis3</strong></span> <span class='ocrx_word' id='word_1_12' title='bbox 872 434 950 493; x_wconf 88' lang='lat' dir='ltr'><strong>ad</strong></span> <span class='ocrx_word' id='word_1_13' title='bbox 1011 434 1434 494; x_wconf 81' lang='lat' dir='ltr'><strong>celeberrimas</strong></span> <span class='ocrx_word' id='word_1_14' title='bbox 1501 435 1858 519; x_wconf 78' lang='lat' dir='ltr'><strong>Hungariae</strong></span> 
     </span>
     <span class='ocr_line' id='line_1_4' title="bbox 174 524 1250 605; baseline -0.001 -26"><span class='ocrx_word' id='word_1_15' title='bbox 174 538 375 605; x_wconf 75' lang='lat' dir='ltr'><strong>partes</strong></span> <span class='ocrx_word' id='word_1_16' title='bbox 419 524 745 583; x_wconf 72' lang='lat' dir='ltr'><strong>Montanus</strong></span> <span class='ocrx_word' id='word_1_17' title='bbox 794 526 910 580; x_wconf 86' lang='lat' dir='ltr'><strong>iter</strong></span> <span class='ocrx_word' id='word_1_18' title='bbox 955 525 1250 581; x_wconf 84' lang='lat' dir='ltr'><strong>assumsit.</strong></span> 
     </span>
    </p>
   </div>
   <div class='ocr_carea' id='block_1_3' title="bbox 121 684 1857 3125">
    <p class='ocr_par' dir='ltr' id='par_1_3' title="bbox 121 684 1857 3061">
     <span class='ocr_line' id='line_1_5' title="bbox 330 684 1855 766; baseline -0.002 -21"><span class='ocrx_word' id='word_1_19' title='bbox 330 688 377 766; x_wconf 59' lang='grc' dir='ltr'><strong>ᾗ.</strong></span> <span class='ocrx_word' id='word_1_20' title='bbox 430 687 482 745; x_wconf 84' lang='grc'><strong>5.</strong></span> <span class='ocrx_word' id='word_1_21' title='bbox 556 687 777 741; x_wconf 74' lang='lat' dir='ltr'><strong>Status</strong></span> <span class='ocrx_word' id='word_1_22' title='bbox 822 686 1194 744; x_wconf 64' lang='lat' dir='ltr'><strong>Litterarum</strong></span> <span class='ocrx_word' id='word_1_23' title='bbox 1240 698 1301 743; x_wconf 79' lang='lat' dir='ltr'><strong>et</strong></span> <span class='ocrx_word' id='word_1_24' title='bbox 1345 688 1618 744; x_wconf 70' lang='lat' dir='ltr'><strong>Artium.</strong></span> <span class='ocrx_word' id='word_1_25' title='bbox 1669 684 1855 744; x_wconf 90' lang='lat' dir='ltr'><strong>Anti-</strong></span> 
     </span>
     <span class='ocr_line' id='line_1_6' title="bbox 168 771 1857 856; baseline -0.001 -22"><span class='ocrx_word' id='word_1_26' title='bbox 168 777 532 856; x_wconf 81' lang='lat' dir='ltr'><strong>quissimum</strong></span> <span class='ocrx_word' id='word_1_27' title='bbox 554 771 906 829; x_wconf 82' lang='lat' dir='ltr'><strong>Lusitaniae</strong></span> <span class='ocrx_word' id='word_1_28' title='bbox 938 784 1164 832; x_wconf 86' lang='lat' dir='ltr'><strong>statum</strong></span> <span class='ocrx_word' id='word_1_29' title='bbox 1211 774 1416 853; x_wconf 85' lang='lat' dir='ltr'><strong>quoad</strong></span> <span class='ocrx_word' id='word_1_30' title='bbox 1455 787 1613 833; x_wconf 85' lang='lat' dir='ltr'><strong>artes</strong></span> <span class='ocrx_word' id='word_1_31' title='bbox 1651 786 1713 831; x_wconf 90' lang='lat' dir='ltr'><strong>et</strong></span> <span class='ocrx_word' id='word_1_32' title='bbox 1750 773 1857 832; x_wconf 80' lang='lat' dir='ltr'><strong>Li-</strong></span> 
     </span>
     <span class='ocr_line' id='line_1_7' title="bbox 169 857 1853 944; baseline 0 -24"><span class='ocrx_word' id='word_1_33' title='bbox 169 878 318 922; x_wconf 76' lang='lat' dir='ltr'><strong>[cras</strong></span> <span class='ocrx_word' id='word_1_34' title='bbox 352 857 701 942; x_wconf 72' lang='lat' dir='ltr'>expendere</span> <span class='ocrx_word' id='word_1_35' title='bbox 753 857 1049 918; x_wconf 87' lang='lat' dir='ltr'><strong>debemus</strong></span> <span class='ocrx_word' id='word_1_36' title='bbox 1109 862 1172 917; x_wconf 90' lang='lat' dir='ltr'><strong>in</strong></span> <span class='ocrx_word' id='word_1_37' title='bbox 1214 862 1488 921; x_wconf 79' lang='lat' dir='ltr'><strong>Historia</strong></span> <span class='ocrx_word' id='word_1_38' title='bbox 1546 863 1853 944; x_wconf 82' lang='lat' dir='ltr'><strong>Hispano-</strong></span> 
     </span>
     <span class='ocr_line' id='line_1_8' title="bbox 168 947 1853 1031; baseline 0 -24"><span class='ocrx_word' id='word_1_39' title='bbox 168 975 341 1022; x_wconf 82' lang='lat' dir='ltr'><strong>rum,</strong></span> <span class='ocrx_word' id='word_1_40' title='bbox 389 959 577 1031; x_wconf 88' lang='lat' dir='ltr'><strong>prout</strong></span> <span class='ocrx_word' id='word_1_41' title='bbox 614 968 758 1005; x_wconf 90' lang='lat' dir='ltr'><strong>cum</strong></span> <span class='ocrx_word' id='word_1_42' title='bbox 810 947 908 1007; x_wconf 89' lang='lat' dir='ltr'><strong>illa</strong></span> <span class='ocrx_word' id='word_1_43' title='bbox 960 948 1109 1008; x_wconf 89' lang='lat' dir='ltr'><strong>olim</strong></span> <span class='ocrx_word' id='word_1_44' title='bbox 1169 950 1350 1007; x_wconf 86' lang='lat' dir='ltr'><strong>variis</strong></span> <span class='ocrx_word' id='word_1_45' title='bbox 1405 949 1853 1009; x_wconf 81' lang='lat' dir='ltr'><strong>calamitatibus</strong></span> 
     </span>
     <span class='ocr_line' id='line_1_9' title="bbox 163 1034 1855 1120; baseline -0.002 -24"><span class='ocrx_word' id='word_1_46' title='bbox 163 1039 520 1120; x_wconf 73' lang='lat' dir='ltr'>agitabatur.</span> <span class='ocrx_word' id='word_1_47' title='bbox 569 1034 672 1094; x_wconf 90' lang='lat' dir='ltr'><strong>Ab</strong></span> <span class='ocrx_word' id='word_1_48' title='bbox 713 1057 784 1094; x_wconf 90' lang='lat' dir='ltr'><strong>eo</strong></span> <span class='ocrx_word' id='word_1_49' title='bbox 837 1049 1041 1095; x_wconf 88' lang='lat' dir='ltr'><strong>autem</strong></span> <span class='ocrx_word' id='word_1_50' title='bbox 1093 1047 1405 1119; x_wconf 81' lang='lat' dir='ltr'><strong>tempore,</strong></span> <span class='ocrx_word' id='word_1_51' title='bbox 1454 1061 1579 1119; x_wconf 87' lang='lat' dir='ltr'><strong>quo</strong></span> <span class='ocrx_word' id='word_1_52' title='bbox 1633 1039 1855 1098; x_wconf 84' lang='lat' dir='ltr'><strong>Portu-</strong></span> 
     </span>
     <span class='ocr_line' id='line_1_10' title="bbox 164 1124 1852 1209; baseline -0.002 -26"><span class='ocrx_word' id='word_1_53' title='bbox 164 1128 340 1209; x_wconf 76' lang='lat' dir='ltr'><strong>gallia</strong></span> <span class='ocrx_word' id='word_1_54' title='bbox 373 1126 625 1185; x_wconf 82' lang='lat' dir='ltr'><strong>seorsim</strong></span> <span class='ocrx_word' id='word_1_55' title='bbox 650 1148 682 1181; x_wconf 90' lang='lat' dir='ltr'><strong>a</strong></span> <span class='ocrx_word' id='word_1_56' title='bbox 705 1128 970 1206; x_wconf 86' lang='lat' dir='ltr'><strong>propriis</strong></span> <span class='ocrx_word' id='word_1_57' title='bbox 1002 1124 1250 1205; x_wconf 82' lang='lat' dir='ltr'><strong>regibus</strong></span> <span class='ocrx_word' id='word_1_58' title='bbox 1279 1124 1589 1184; x_wconf 91' lang='lat' dir='ltr'><strong>moderari</strong></span> <span class='ocrx_word' id='word_1_59' title='bbox 1627 1128 1852 1209; x_wconf 87' lang='lat' dir='ltr'><strong>coepit,</strong></span> 
     </span>
     <span class='ocr_line' id='line_1_11' title="bbox 167 1212 1854 1295; baseline -0.002 -22"><span class='ocrx_word' id='word_1_60' title='bbox 167 1218 372 1274; x_wconf 79' lang='lat' dir='ltr'><strong>cuncti</strong></span> <span class='ocrx_word' id='word_1_61' title='bbox 410 1213 537 1271; x_wconf 88' lang='lat' dir='ltr'><strong>fere</strong></span> <span class='ocrx_word' id='word_1_62' title='bbox 563 1214 915 1295; x_wconf 82' lang='lat' dir='ltr'><strong>Principes,</strong></span> <span class='ocrx_word' id='word_1_63' title='bbox 962 1234 1033 1272; x_wconf 92' lang='lat' dir='ltr'><strong>eo</strong></span> <span class='ocrx_word' id='word_1_64' title='bbox 1069 1222 1322 1272; x_wconf 87' lang='lat' dir='ltr'><strong>conatus</strong></span> <span class='ocrx_word' id='word_1_65' title='bbox 1361 1212 1749 1288; x_wconf 75' lang='lat' dir='ltr'><strong>direxerunt,</strong></span> <span class='ocrx_word' id='word_1_66' title='bbox 1786 1226 1854 1271; x_wconf 86' lang='lat' dir='ltr'><strong>ut</strong></span> 
     </span>
     <span class='ocr_line' id='line_1_12' title="bbox 163 1300 1855 1384; baseline -0.003 -22"><span class='ocrx_word' id='word_1_67' title='bbox 163 1303 552 1362; x_wconf 87' lang='lat' dir='ltr'><strong>subditorum</strong></span> <span class='ocrx_word' id='word_1_68' title='bbox 615 1300 969 1360; x_wconf 82' lang='lat' dir='ltr'><strong>felicitatem</strong></span> <span class='ocrx_word' id='word_1_69' title='bbox 1050 1300 1315 1360; x_wconf 78' lang='lat' dir='ltr'><strong>mascule</strong></span> <span class='ocrx_word' id='word_1_70' title='bbox 1377 1312 1855 1384; x_wconf 82' lang='lat' dir='ltr'><strong>promoverent,</strong></span> 
     </span>
     <span class='ocr_line' id='line_1_13' title="bbox 166 1388 1851 1474; baseline -0.002 -25"><span class='ocrx_word' id='word_1_71' title='bbox 166 1415 354 1474; x_wconf 80' lang='lat' dir='ltr'><strong>quam</strong></span> <span class='ocrx_word' id='word_1_72' title='bbox 398 1390 750 1448; x_wconf 83' lang='lat' dir='ltr'><strong>felicitatem</strong></span> <span class='ocrx_word' id='word_1_73' title='bbox 808 1390 1143 1470; x_wconf 85' lang='lat' dir='ltr'><strong>plurimum</strong></span> <span class='ocrx_word' id='word_1_74' title='bbox 1187 1413 1221 1447; x_wconf 87' lang='lat' dir='ltr'><strong>a</strong></span> <span class='ocrx_word' id='word_1_75' title='bbox 1281 1388 1520 1448; x_wconf 85' lang='lat' dir='ltr'><strong>cultura</strong></span> <span class='ocrx_word' id='word_1_76' title='bbox 1583 1388 1851 1473; x_wconf 82' lang='lat' dir='ltr'><strong>pendere</strong></span> 
     </span>
     <span class='ocr_line' id='line_1_14' title="bbox 163 1477 1850 1551; baseline -0.003 -10"><span class='ocrx_word' id='word_1_77' title='bbox 163 1483 451 1551; x_wconf 89' lang='lat' dir='ltr'><strong>scientes,</strong></span> <span class='ocrx_word' id='word_1_78' title='bbox 496 1500 735 1537; x_wconf 89' lang='lat' dir='ltr'><strong>summo</strong></span> <span class='ocrx_word' id='word_1_79' title='bbox 776 1477 906 1537; x_wconf 89' lang='lat' dir='ltr'><strong>zelo</strong></span> <span class='ocrx_word' id='word_1_80' title='bbox 952 1491 1110 1536; x_wconf 88' lang='lat' dir='ltr'><strong>artes</strong></span> <span class='ocrx_word' id='word_1_81' title='bbox 1157 1491 1218 1535; x_wconf 90' lang='lat' dir='ltr'><strong>et</strong></span> <span class='ocrx_word' id='word_1_82' title='bbox 1250 1479 1528 1537; x_wconf 83' lang='lat' dir='ltr'><strong>scientias</strong></span> <span class='ocrx_word' id='word_1_83' title='bbox 1557 1478 1850 1536; x_wconf 84' lang='lat' dir='ltr'><strong>adhibitis</strong></span> 
     </span>
     <span class='ocr_line' id='line_1_15' title="bbox 164 1564 1853 1648; baseline -0.003 -20"><span class='ocrx_word' id='word_1_84' title='bbox 164 1568 448 1628; x_wconf 84' lang='lat' dir='ltr'><strong>omnibus</strong></span> <span class='ocrx_word' id='word_1_85' title='bbox 497 1565 714 1624; x_wconf 91' lang='lat' dir='ltr'><strong>mediis</strong></span> <span class='ocrx_word' id='word_1_86' title='bbox 757 1579 1235 1648; x_wconf 87' lang='lat' dir='ltr'><strong>promoverunt,</strong></span> <span class='ocrx_word' id='word_1_87' title='bbox 1282 1564 1538 1624; x_wconf 82' lang='lat' dir='ltr'><strong>artifices</strong></span> <span class='ocrx_word' id='word_1_88' title='bbox 1601 1579 1662 1623; x_wconf 89' lang='lat' dir='ltr'><strong>et</strong></span> <span class='ocrx_word' id='word_1_89' title='bbox 1715 1569 1853 1648; x_wconf 88' lang='lat' dir='ltr'><strong>opi-</strong></span> 
     </span>
     <span class='ocr_line' id='line_1_16' title="bbox 166 1653 1847 1737; baseline -0.001 -22"><span class='ocrx_word' id='word_1_90' title='bbox 166 1657 304 1715; x_wconf 79' lang='lat' dir='ltr'><strong>fices</strong></span> <span class='ocrx_word' id='word_1_91' title='bbox 344 1653 682 1737; x_wconf 79' lang='lat' dir='ltr'><strong>privilegiis</strong></span> <span class='ocrx_word' id='word_1_92' title='bbox 743 1653 1116 1725; x_wconf 77' lang='lat' dir='ltr'><strong>excolendo,</strong></span> <span class='ocrx_word' id='word_1_93' title='bbox 1166 1655 1431 1713; x_wconf 83' lang='lat' dir='ltr'><strong>officinas</strong></span> <span class='ocrx_word' id='word_1_94' title='bbox 1477 1667 1539 1712; x_wconf 91' lang='lat' dir='ltr'><strong>et</strong></span> <span class='ocrx_word' id='word_1_95' title='bbox 1583 1653 1847 1713; x_wconf 85' lang='lat' dir='ltr'><strong>fabricas</strong></span> 
     </span>
     <span class='ocr_line' id='line_1_17' title="bbox 170 1740 1846 1825; baseline -0.001 -24"><span class='ocrx_word' id='word_1_96' title='bbox 170 1767 285 1825; x_wconf 48' lang='lat' dir='ltr'><strong>pro</strong></span> <span class='ocrx_word' id='word_1_97' title='bbox 332 1743 571 1802; x_wconf 86' lang='lat' dir='ltr'><strong>cultura</strong></span> <span class='ocrx_word' id='word_1_98' title='bbox 612 1740 1000 1801; x_wconf 88' lang='lat' dir='ltr'><strong>diversorum</strong></span> <span class='ocrx_word' id='word_1_99' title='bbox 1051 1740 1438 1823; x_wconf 87' lang='lat' dir='ltr'><strong>objectorum</strong></span> <span class='ocrx_word' id='word_1_100' title='bbox 1507 1741 1801 1822; x_wconf 81' lang='lat' dir='ltr'><strong>erigendo</strong></span> <span class='ocrx_word' id='word_1_101' title='bbox 1831 1787 1846 1815; x_wconf 88' lang='lat'><strong>,</strong></span> 
     </span>
     <span class='ocr_line' id='line_1_18' title="bbox 158 1829 1844 1913; baseline -0.002 -22"><span class='ocrx_word' id='word_1_102' title='bbox 158 1831 386 1891; x_wconf 72' lang='lat' dir='ltr'><strong>scholas</strong></span> <span class='ocrx_word' id='word_1_103' title='bbox 417 1830 690 1913; x_wconf 79' lang='lat' dir='ltr'><strong>publicas</strong></span> <span class='ocrx_word' id='word_1_104' title='bbox 735 1829 1059 1911; x_wconf 84' lang='lat' dir='ltr'><strong>ponendo:</strong></span> <span class='ocrx_word' id='word_1_105' title='bbox 1108 1832 1194 1887; x_wconf 89' lang='lat' dir='ltr'><strong>sic</strong></span> <span class='ocrx_word' id='word_1_106' title='bbox 1225 1832 1484 1886; x_wconf 49' lang='lat' dir='ltr'><strong>,sommis</strong></span> <span class='ocrx_word' id='word_1_107' title='bbox 1533 1832 1617 1888; x_wconf 87' lang='lat' dir='ltr'><strong>II.</strong></span> <span class='ocrx_word' id='word_1_108' title='bbox 1658 1831 1844 1910; x_wconf 77' lang='lat' dir='ltr'><strong>Regis</strong></span> 
     </span>
     <span class='ocr_line' id='line_1_19' title="bbox 163 1915 1844 2000; baseline -0.004 -21"><span class='ocrx_word' id='word_1_109' title='bbox 163 1919 566 2000; x_wconf 77' lang='lat' dir='ltr'><strong>Portngalliae</strong></span> <span class='ocrx_word' id='word_1_110' title='bbox 608 1915 1023 1975; x_wconf 80' lang='lat' dir='ltr'><strong>numiliccntia</strong></span> <span class='ocrx_word' id='word_1_111' title='bbox 1061 1928 1367 1975; x_wconf 74' lang='lat' dir='ltr'><strong>exstructa</strong></span> <span class='ocrx_word' id='word_1_112' title='bbox 1407 1916 1525 1974; x_wconf 87' lang='lat' dir='ltr'><strong>fuit</strong></span> <span class='ocrx_word' id='word_1_113' title='bbox 1567 1919 1627 1976; x_wconf 89' lang='lat' dir='ltr'><strong>in</strong></span> <span class='ocrx_word' id='word_1_114' title='bbox 1665 1918 1844 1976; x_wconf 90' lang='lat' dir='ltr'><strong>Lusi-</strong></span> 
     </span>
     <span class='ocr_line' id='line_1_20' title="bbox 154 2003 1838 2087; baseline -0.001 -23"><span class='ocrx_word' id='word_1_115' title='bbox 154 2011 317 2067; x_wconf 83' lang='lat' dir='ltr'><strong>tania</strong></span> <span class='ocrx_word' id='word_1_116' title='bbox 348 2006 672 2066; x_wconf 82' lang='lat' dir='ltr'><strong>Academia</strong></span> <span class='ocrx_word' id='word_1_117' title='bbox 729 2008 1270 2077; x_wconf 71' lang='lat' dir='ltr'><strong>Conimbricensls,</strong></span> <span class='ocrx_word' id='word_1_118' title='bbox 1336 2003 1412 2062; x_wconf 89' lang='lat' dir='ltr'><strong>de</strong></span> <span class='ocrx_word' id='word_1_119' title='bbox 1459 2029 1581 2087; x_wconf 87' lang='lat' dir='ltr'><strong>qua</strong></span> <span class='ocrx_word' id='word_1_120' title='bbox 1644 2009 1838 2063; x_wconf 79' lang='lat' dir='ltr'><strong>Jaco—</strong></span> 
     </span>
     <span class='ocr_line' id='line_1_21' title="bbox 155 2092 1840 2176; baseline -0.001 -24"><span class='ocrx_word' id='word_1_121' title='bbox 155 2098 263 2154; x_wconf 71' lang='lat' dir='ltr'><strong>has</strong></span> <span class='ocrx_word' id='word_1_122' title='bbox 310 2100 537 2172; x_wconf 74' lang='lat' dir='ltr'><strong>Pczyzca</strong></span> <span class='ocrx_word' id='word_1_123' title='bbox 601 2095 941 2152; x_wconf 71' lang='lat' dir='ltr'><strong>Atzclrscdlcs</strong></span> <span class='ocrx_word' id='word_1_124' title='bbox 985 2092 1059 2151; x_wconf 87' lang='lat' dir='ltr'><strong>ad</strong></span> <span class='ocrx_word' id='word_1_125' title='bbox 1126 2096 1557 2152; x_wconf 74' lang='lat' dir='ltr'><strong>Sebastianum</strong></span> <span class='ocrx_word' id='word_1_126' title='bbox 1605 2097 1840 2176; x_wconf 80' lang='lat' dir='ltr'><strong>Regem</strong></span> 
     </span>
     <span class='ocr_line' id='line_1_22' title="bbox 157 2182 1842 2266; baseline -0.002 -23"><span class='ocrx_word' id='word_1_127' title='bbox 157 2186 244 2243; x_wconf 85' lang='lat' dir='ltr'><strong>sic</strong></span> <span class='ocrx_word' id='word_1_128' title='bbox 279 2184 576 2266; x_wconf 85' lang='lat' dir='ltr'><strong>lopuitur:</strong></span> <span class='ocrx_word' id='word_1_129' title='bbox 609 2182 1123 2241; x_wconf 83' lang='lat' dir='ltr'><strong>Conimbricensis</strong></span> <span class='ocrx_word' id='word_1_130' title='bbox 1148 2195 1207 2240; x_wconf 92' lang='lat' dir='ltr'><strong>et</strong></span> <span class='ocrx_word' id='word_1_131' title='bbox 1238 2182 1355 2242; x_wconf 91' lang='lat' dir='ltr'><strong>loci</strong></span> <span class='ocrx_word' id='word_1_132' title='bbox 1381 2196 1598 2240; x_wconf 83' lang='lat' dir='ltr'><strong>natura</strong></span> <span class='ocrx_word' id='word_1_133' title='bbox 1633 2204 1842 2241; x_wconf 88' lang='lat' dir='ltr'><strong>amoe-</strong></span> 
     </span>
     <span class='ocr_line' id='line_1_23' title="bbox 157 2270 1839 2351; baseline -0.001 -21"><span class='ocrx_word' id='word_1_134' title='bbox 157 2275 404 2331; x_wconf 74' lang='lat' dir='ltr'><strong>nissima</strong></span> <span class='ocrx_word' id='word_1_135' title='bbox 438 2285 499 2329; x_wconf 93' lang='lat' dir='ltr'><strong>et</strong></span> <span class='ocrx_word' id='word_1_136' title='bbox 531 2274 700 2330; x_wconf 91' lang='lat' dir='ltr'><strong>omni</strong></span> <span class='ocrx_word' id='word_1_137' title='bbox 730 2271 1048 2328; x_wconf 87' lang='lat' dir='ltr'><strong>literarum</strong></span> <span class='ocrx_word' id='word_1_138' title='bbox 1064 2290 1285 2351; x_wconf 78' lang='lat' dir='ltr'><strong>genere</strong></span> <span class='ocrx_word' id='word_1_139' title='bbox 1321 2270 1647 2331; x_wconf 84' lang='lat' dir='ltr'><strong>clarissima</strong></span> <span class='ocrx_word' id='word_1_140' title='bbox 1676 2272 1839 2329; x_wconf 86' lang='lat' dir='ltr'><strong>Aca-</strong></span> 
     </span>
     <span class='ocr_line' id='line_1_24' title="bbox 157 2358 1842 2442; baseline -0.001 -24"><span class='ocrx_word' id='word_1_141' title='bbox 157 2359 354 2418; x_wconf 88' lang='lat' dir='ltr'><strong>demia</strong></span> <span class='ocrx_word' id='word_1_142' title='bbox 396 2372 515 2432; x_wconf 82' lang='lat' dir='ltr'><strong>est,</strong></span> <span class='ocrx_word' id='word_1_143' title='bbox 565 2362 628 2416; x_wconf 88' lang='lat' dir='ltr'><strong>in</strong></span> <span class='ocrx_word' id='word_1_144' title='bbox 675 2382 798 2441; x_wconf 82' lang='lat' dir='ltr'><strong>qua</strong></span> <span class='ocrx_word' id='word_1_145' title='bbox 832 2361 960 2442; x_wconf 87' lang='lat' dir='ltr'><strong>ipse</strong></span> <span class='ocrx_word' id='word_1_146' title='bbox 997 2358 1074 2415; x_wconf 87' lang='lat' dir='ltr'><strong>ab</strong></span> <span class='ocrx_word' id='word_1_147' title='bbox 1107 2361 1356 2416; x_wconf 89' lang='lat' dir='ltr'><strong>ineunte</strong></span> <span class='ocrx_word' id='word_1_148' title='bbox 1398 2372 1595 2417; x_wconf 91' lang='lat' dir='ltr'><strong>aetate</strong></span> <span class='ocrx_word' id='word_1_149' title='bbox 1630 2359 1842 2417; x_wconf 86' lang='lat' dir='ltr'><strong>litera-</strong></span> 
     </span>
     <span class='ocr_line' id='line_1_25' title="bbox 156 2445 1837 2507; baseline -0.001 -1"><span class='ocrx_word' id='word_1_150' title='bbox 156 2469 295 2507; x_wconf 82' lang='lat' dir='ltr'><strong>rum</strong></span> <span class='ocrx_word' id='word_1_151' title='bbox 329 2446 544 2506; x_wconf 88' lang='lat' dir='ltr'><strong>studiis</strong></span> <span class='ocrx_word' id='word_1_152' title='bbox 598 2447 869 2505; x_wconf 88' lang='lat' dir='ltr'><strong>incubui.</strong></span> <span class='ocrx_word' id='word_1_153' title='bbox 963 2446 1100 2504; x_wconf 85' lang='lat' dir='ltr'><strong>Alia</strong></span> <span class='ocrx_word' id='word_1_154' title='bbox 1152 2445 1483 2507; x_wconf 85' lang='lat' dir='ltr'><strong>Academia</strong></span> <span class='ocrx_word' id='word_1_155' title='bbox 1523 2459 1613 2505; x_wconf 90' lang='lat' dir='ltr'><strong>est</strong></span> <span class='ocrx_word' id='word_1_156' title='bbox 1663 2449 1837 2504; x_wconf 73' lang='lat' dir='ltr'><em>Ebu-</em></span> 
     </span>
     <span class='ocr_line' id='line_1_26' title="bbox 158 2534 1833 2617; baseline -0.001 -23"><span class='ocrx_word' id='word_1_157' title='bbox 158 2539 355 2594; x_wconf 74' lang='lat' dir='ltr'><strong>retzsis</strong></span> <span class='ocrx_word' id='word_1_158' title='bbox 393 2536 470 2594; x_wconf 87' lang='lat' dir='ltr'><strong>ab</strong></span> <span class='ocrx_word' id='word_1_159' title='bbox 512 2538 787 2594; x_wconf 77' lang='lat' dir='ltr'><strong>Helzrico</strong></span> <span class='ocrx_word' id='word_1_160' title='bbox 826 2534 1131 2593; x_wconf 84' lang='lat' dir='ltr'><strong>Cardinali</strong></span> <span class='ocrx_word' id='word_1_161' title='bbox 1185 2547 1526 2610; x_wconf 76' lang='lat' dir='ltr'><strong>exstructa3</strong></span> <span class='ocrx_word' id='word_1_162' title='bbox 1572 2534 1647 2592; x_wconf 89' lang='lat' dir='ltr'><strong>de</strong></span> <span class='ocrx_word' id='word_1_163' title='bbox 1709 2557 1833 2617; x_wconf 83' lang='lat' dir='ltr'><strong>qua</strong></span> 
     </span>
     <span class='ocr_line' id='line_1_27' title="bbox 153 2622 1831 2695; baseline -0.001 -13"><span class='ocrx_word' id='word_1_164' title='bbox 153 2624 319 2682; x_wconf 85' lang='lat' dir='ltr'><strong>idem</strong></span> <span class='ocrx_word' id='word_1_165' title='bbox 363 2625 626 2683; x_wconf 57' lang='lat' dir='ltr'><strong>„Iacobus</strong></span> <span class='ocrx_word' id='word_1_166' title='bbox 672 2622 940 2688; x_wconf 76' lang='lat' dir='ltr'><strong>disserit:</strong></span> <span class='ocrx_word' id='word_1_167' title='bbox 1017 2622 1198 2695; x_wconf 87' lang='lat' dir='ltr'><strong>Quod</strong></span> <span class='ocrx_word' id='word_1_168' title='bbox 1242 2626 1292 2683; x_wconf 88' lang='lat' dir='ltr'><strong>si</strong></span> <span class='ocrx_word' id='word_1_169' title='bbox 1359 2623 1831 2683; x_wconf 78' lang='lat' dir='ltr'><strong>Academiarum</strong></span> 
     </span>
     <span class='ocr_line' id='line_1_28' title="bbox 121 2711 1825 2794; baseline -0.002 -23"><span class='ocrx_word' id='word_1_170' title='bbox 121 2735 124 2737; x_wconf 68' lang='grc'><strong><em>’</em></strong></span> <span class='ocrx_word' id='word_1_171' title='bbox 156 2713 351 2794; x_wconf 81' lang='lat' dir='ltr'><strong>gloria</strong></span> <span class='ocrx_word' id='word_1_172' title='bbox 383 2715 578 2793; x_wconf 79' lang='lat' dir='ltr'><strong>magis</strong></span> <span class='ocrx_word' id='word_1_173' title='bbox 640 2712 989 2770; x_wconf 87' lang='lat' dir='ltr'><strong>Literarum</strong></span> <span class='ocrx_word' id='word_1_174' title='bbox 1027 2723 1088 2768; x_wconf 91' lang='lat' dir='ltr'><strong>et</strong></span> <span class='ocrx_word' id='word_1_175' title='bbox 1132 2714 1437 2771; x_wconf 85' lang='lat' dir='ltr'><strong>virtutum</strong></span> <span class='ocrx_word' id='word_1_176' title='bbox 1474 2711 1825 2793; x_wconf 86' lang='lat' dir='ltr'><strong>splendore,</strong></span> 
     </span>
     <span class='ocr_line' id='line_1_29' title="bbox 150 2798 1825 2882; baseline -0.001 -25"><span class='ocrx_word' id='word_1_177' title='bbox 150 2823 340 2882; x_wconf 85' lang='lat' dir='ltr'><strong>quam</strong></span> <span class='ocrx_word' id='word_1_178' title='bbox 369 2802 735 2882; x_wconf 83' lang='lat' dir='ltr'><strong>antiquitate</strong></span> <span class='ocrx_word' id='word_1_179' title='bbox 776 2813 1028 2867; x_wconf 76' lang='lat' dir='ltr'><strong>constat,</strong></span> <span class='ocrx_word' id='word_1_180' title='bbox 1079 2798 1223 2859; x_wconf 85' lang='lat' dir='ltr'><strong>haec</strong></span> <span class='ocrx_word' id='word_1_181' title='bbox 1260 2812 1425 2859; x_wconf 85' lang='lat' dir='ltr'><strong>certe</strong></span> <span class='ocrx_word' id='word_1_182' title='bbox 1465 2799 1649 2882; x_wconf 85' lang='lat' dir='ltr'><strong>paulo</strong></span> <span class='ocrx_word' id='word_1_183' title='bbox 1684 2812 1825 2858; x_wconf 87' lang='lat' dir='ltr'><strong>ante</strong></span> 
     </span>
     <span class='ocr_line' id='line_1_30' title="bbox 154 2885 1833 2969; baseline -0.002 -23"><span class='ocrx_word' id='word_1_184' title='bbox 154 2892 484 2948; x_wconf 80' lang='lat' dir='ltr'><strong>constituta</strong></span> <span class='ocrx_word' id='word_1_185' title='bbox 511 2911 650 2947; x_wconf 87' lang='lat' dir='ltr'><strong>cum</strong></span> <span class='ocrx_word' id='word_1_186' title='bbox 689 2890 1128 2969; x_wconf 77' lang='lat' dir='ltr'><strong>antiquissimis</strong></span> <span class='ocrx_word' id='word_1_187' title='bbox 1166 2901 1225 2946; x_wconf 90' lang='lat' dir='ltr'><strong>et</strong></span> <span class='ocrx_word' id='word_1_188' title='bbox 1247 2889 1659 2947; x_wconf 76' lang='lat' dir='ltr'><strong>celeberrimis</strong></span> <span class='ocrx_word' id='word_1_189' title='bbox 1699 2885 1833 2969; x_wconf 79' lang='lat' dir='ltr'><strong>jure</strong></span> 
     </span>
     <span class='ocr_line' id='line_1_31' title="bbox 153 2975 1825 3061; baseline 0.002 -28"><span class='ocrx_word' id='word_1_190' title='bbox 153 2989 382 3035; x_wconf 70' lang='lat' dir='ltr'><strong>certare</strong></span> <span class='ocrx_word' id='word_1_191' title='bbox 429 2978 683 3060; x_wconf 61' lang='lat' dir='ltr'><strong>poteritg</strong></span> <span class='ocrx_word' id='word_1_192' title='bbox 732 2979 866 3036; x_wconf 80' lang='lat' dir='ltr'><strong>satis</strong></span> <span class='ocrx_word' id='word_1_193' title='bbox 892 2979 1051 3037; x_wconf 85' lang='lat' dir='ltr'><strong>enim</strong></span> <span class='ocrx_word' id='word_1_194' title='bbox 1083 2979 1144 3036; x_wconf 86' lang='lat' dir='ltr'><strong>in</strong></span> <span class='ocrx_word' id='word_1_195' title='bbox 1186 2977 1283 3037; x_wconf 84' lang='lat' dir='ltr'><strong>illa</strong></span> <span class='ocrx_word' id='word_1_196' title='bbox 1309 2975 1644 3061; x_wconf 76' lang='lat' dir='ltr'><strong>praesefert</strong></span> <span class='ocrx_word' id='word_1_197' title='bbox 1679 2998 1825 3057; x_wconf 78' lang='lat' dir='ltr'><strong>spe-</strong></span> 
     </span>
    </p>

    <p class='ocr_par' dir='ltr' id='par_1_4' title="bbox 1544 3087 1744 3125">
     <span class='ocr_line' id='line_1_32' title="bbox 1544 3087 1744 3125; baseline -0.015 -2"><span class='ocrx_word' id='word_1_198' title='bbox 1544 3087 1744 3125; x_wconf 73' lang='lat' dir='ltr'><strong>cullen</strong></span> 
     </span>
    </p>
   </div>
  </div>
 </body>
</html>
