1940 3672
604 153 1206 208 Boreas-soram.
1531 153 1652 214 291

66 331 332 406 dissent,
375 354 497 413 qua
531 353 605 390 ex
639 332 814 386 causa
849 329 1175 386 Boleslaas
1198 329 1250 385 I.
1299 326 1591 389 Poloniae
1623 349 1737 391 rex

63 424 223 479 ciica
258 421 437 479 1000.
481 436 708 475 annum
743 435 844 475 eos
871 414 1034 474 bello
1081 435 1456 515 persequens
1499 416 1747 497 proelio

65 519 380 590 superatos
425 502 766 584 subjugum
800 501 1179 562 Polonorum
1198 504 1398 562 misit·
1383 501 1592 586 ‚quod
1614 524 1747 566 sae-

64 618 141 677 pe
175 607 462 653 excutere
514 602 851 664 tentantes,
901 589 1146 650 tandem
1194 591 1437 673 penitus
1483 611 1744 675 compe-

67 685 221 740 scuit
272 681 587 737 Conraclas
623 678 966 737 Massoviae
1011 699 1088 759 Pl
1094 699 1337 761 inceps
1376 680 1486 760 qui
1530 680 1596 737 in
1631 701 1742 739 au-

65 769 280 827 xilium
320 768 607 827 evocavit
646 766 900 846 Equites
934 764 1188 825 Ordinis
1225 768 1587 827 Teutonici:
1648 779 1745 828 at-

62 878 181 936 que
201 854 296 912 hic
329 856 547 936 incipit
577 854 655 911 ΙΙ.
680 855 937 929 Epoclza
959 854 1341 926 Bora-ssime,
1388 853 1567 938 cujus
1601 854 1744 916 Sta-

61 957 153 1000 tus
195 943 510 1022 regiminis
542 941 656 1000 sub
677 1017 680 1019 -
701 942 1032 1023 Equitibus
1050 940 1303 1001 Ordinis
1322 942 1648 1002 Teutonici
1669 956 1740 1004 ut

57 1029 279 1088 clarius
311 1028 691 1110 intelligatur
715 1073 730 1103 ‚
778 1031 1082 1111 originem
1115 1029 1408 1111 Equitum
1441 1027 1597 1089 hanc
1632 1030 1741 1090 da-

57 1138 220 1175 mus:
283 1114 696 1199 Temporibus
753 1115 1253 1198 expeditionibus
1310 1117 1632 1178 Cruciatae
1677 1120 1742 1179 in

58 1219 286 1265 terram
329 1204 643 1277 Sanctam,
691 1203 1158 1283 Hierosolymae
1189 1216 1312 1265 tres
1345 1218 1522 1265 erant
1564 1208 1742 1266 insti-

57 1294 171 1351 tuti
209 1293 504 1373 Equitum
539 1293 877 1351 Sacrorum
913 1290 1181 1351 Ordines
1214 1294 1304 1350 uti
1341 1297 1384 1351 I.
1426 1296 1741 1370 Hospita-

54 1384 356 1438 lariorum
406 1402 512 1440 seu
549 1382 1048 1437 Johamzicamm.
1098 1380 1174 1438 II.
1230 1383 1743 1455 Templarioram.

51 1468 157 1526 ΙΙΙ.
199 1471 535 1526 Teutonum
556 1469 664 1548 qui
689 1467 895 1528 sedem
928 1464 1278 1526 habuerunt
1298 1466 1735 1529 Ptolomaidae.

56 1557 297 1615 Verum
333 1554 395 1614 hi
444 1577 526 1616 ex
569 1556 769 1615 Sacris
835 1557 1048 1629 terris,
1112 1575 1264 1637 quas
1322 1556 1385 1615 vi
1443 1570 1741 1616 votorum

53 1665 296 1703 securas
336 1667 452 1726 pro
491 1641 852 1703 Christianis
885 1644 1457 1725 peregrinatoribus
1494 1665 1746 1705 conser—

54 1753 202 1790 vare
249 1731 724 1813 obligabantur,
771 1745 911 1814 post
945 1733 1144 1789 varias
1197 1754 1410 1791 rerum
1467 1734 1743 1793 eversio-

54 1840 160 1878 nes
193 1841 303 1902 per
331 1821 796 1879 Turcomannos
824 1817 981 1900 pulsi
1022 1820 1083 1878 in
1110 1830 1237 1878 tota
1272 1819 1610 1879 Palaestina
1644 1833 1745 1880 tu-

55 1921 184 1964 tum
234 1929 355 1965 non
393 1910 768 1967 invenerunt
804 1905 1024 1965 locum.
1076 1909 1458 1966 Jolzannitae
1508 1929 1618 1968 seu
1677 1908 1738 1967 S.

52 1997 307 2052 sisariae
342 1998 789 2070 Hospitalares
829 2015 903 2053 eo
957 2007 1089 2052 tum
1136 1993 1427 2055 Rhodum
1480 2017 1745 2080 occupa-

49 2095 195 2139 runt
221 2128 236 2156 ,
283 2104 358 2140 ex
395 2105 522 2163 quo
564 2097 845 2165 tempore
887 2084 1118 2140 Rhodii
1168 2082 1468 2166 appellari
1519 2105 1745 2167 coepe-

52 2184 200 2227 runt
224 2214 238 2242 ‚
278 2183 339 2230 et
377 2169 625 2229 demum
657 2172 874 2229 amissa
919 2167 1142 2229 Rhodo
1167 2215 1183 2243 ,
1237 2174 1518 2231 spIaltam
1579 2172 1744 2232 obti-

48 2272 302 2330 nenteS,
360 2261 702 2316 fflaltetzses
744 2256 890 2316 dicti
943 2270 1103 2317 sunt.
1152 2256 1220 2335 a)
1278 2262 1596 2317 Teutonici
1636 2281 1744 2319 seu

60 2348 385 2422 Cracigeri
417 2345 565 2404 dicti
602 2348 666 2404 in
705 2347 1104 2407 Germaniam
1134 2359 1484 2422 venerunt,
1524 2346 1743 2409 undea

56 2434 334 2491 Conrado
355 2437 671 2492 Massovio
693 2436 932 2494 evocati
964 2447 1182 2493 contra
1212 2433 1474 2496 rebelles
1513 2436 1740 2494 Borus-

46 2541 144 2581 sos
207 2520 364 2581 felici
409 2543 723 2581 armorum
776 2543 1056 2582 successu
1091 2523 1152 2581 in
1199 2522 1487 2583 Borussia
1531 2521 1742 2584 sedem

51 2607 325 2669 fixerunt
344 2632 506 2669 anno
533 2612 714 2669 1225.
738 2633 870 2669 rem
897 2608 1303 2670 Christianam
1322 2611 1499 2670 sicuti
1517 2623 1569 2670 et
1600 2632 1741 2693 pos-

49 2699 336 2759 sessiones
373 2719 509 2757 suas
556 2700 619 2756 in
658 2712 976 2782 posterum
1008 2700 1430 2780 propagaturi.
1478 2698 1607 2757 Ubi
1641 2720 1740 2758 re-

934 2798 961 2842 t
1011 2788 1045 2844 2
1504 2805 1655 2844 vera

126 2952 186 3024 ιι)
225 2953 530 3031 Templarii
560 2953 1213 3025 circaa11.131·1.‘1b1psis
1244 2956 1564 3008 Christianis
1581 2956 1739 3008 Prin·-

201 3023 412 3094 cipibus
455 3027 707 3078 exstincti
747 3035 907 3092 sunt‚
961 3042 1131 3098 quum
1182 3026 1420 3080 desertae
1459 3025 1740 3098 religionis

201 3096 434 3166 suspecti
467 3095 715 3150 fuissent
