1940 3672
377 167 698 222 Gallorum
741 172 801 217 et
832 162 1234 215 Francorum.
1508 161 1629 218 129

40 345 208 426 ipse,
253 339 438 401 aliam
478 359 629 400 vero
671 338 938 393 Moreaa
983 346 1199 394 contra
1238 333 1557 396 Austriam
1604 337 1716 397 ad-

38 433 315 506 ornavit,
359 449 428 487 ac
467 425 657 507 Alpes
690 420 952 482 feliciter
981 425 1280 483 transiens
1301 468 1317 497 ,
1371 426 1554 485 1800.
1578 424 1715 484 Au·-

37 520 288 578 striacos
328 509 713 575 memorabili
760 509 1001 591 proelio
1060 509 1137 569 ad
1184 513 1494 590 Marengo
1545 525 1715 573 tanta

35 604 206 665 clade
251 602 524 672 attrivit,
568 609 638 656 ut
674 595 752 655 ad
781 596 1055 657 inducias
1100 598 1392 680 petendas
1437 602 1713 660 animum

33 692 352 766 flexerint3
392 690 517 745 imo
562 684 710 746 dum
756 687 1024 745 Moreau
1059 689 1243 746 etiam
1266 688 1576 748 Viennam
1598 688 1713 749 ob-

29 779 229 840 sidere
287 774 508 846 vellet,
595 795 743 833 mox
808 777 1218 840 Franciscas
1261 775 1606 858 Imperator
1657 798 1708 844 a,

37 861 340 928 1801.die
358 863 414 924 9.
444 860 618 922 Febr.
657 882 868 944 pacem
884 865 1325 938 Lunaevillae,
1370 862 1562 947 Angli
1605 885 1714 924 ve-

30 977 106 1015 ro
166 963 460 1033 sequente
513 970 678 1008 anno
737 951 1070 1026 Augustae
1123 954 1708 1010 Veramanclaoram

32 1039 483 1101 concluserunt.
538 1039 685 1102 Post
730 1058 878 1118 quas
923 1037 1193 1098 celebres
1234 1040 1526 1099 victorias
1583 1040 1716 1098 Bo-

31 1139 301 1203 naparte
340 1147 623 1207 magnam
654 1126 1084 1185 auctoritatem
1104 1126 1386 1185 obtinens
1411 1172 1427 1201 ,
1475 1128 1711 1208 Reipu-

28 1215 221 1277 blicae
265 1214 510 1274 Italicae
548 1234 776 1272 novam
817 1211 1081 1272 formam
1117 1211 1388 1273 dictavit.
1429 1212 1712 1295 Religio—-

27 1306 122 1363 nis
153 1305 472 1385 negotium
511 1301 576 1359 in
617 1299 903 1361 ordinem
933 1299 1204 1383 redegit,
1268 1314 1329 1361 et
1359 1322 1502 1360 cum
1547 1302 1716 1360 Pon-

29 1390 193 1451 tifice
233 1404 504 1450 tractans
557 1394 936 1447 concordata
973 1388 1413 1470 promulgavit.
1482 1390 1711 1465 Legio-

29 1502 165 1538 nem
203 1481 453 1537 honoris
490 1479 556 1536 in
594 1479 841 1537 virtutis
882 1476 1138 1537 bellicae
1160 1478 1506 1559 praemium
1538 1477 1714 1534 insti-

29 1568 165 1626 tuit.
232 1568 366 1638 Qua
403 1568 642 1625 ratione
684 1579 993 1626 crescente
1030 1564 1352 1623 Gallorum
1412 1565 1709 1647 potentia,

26 1656 206 1716 brevi
245 1654 648 1715 dissensiones
681 1667 838 1712 cum·
881 1654 1109 1714 exteris
1170 1652 1564 1735 Principibus
1610 1674 1711 1712 re—

29 1757 286 1803 novatae
324 1756 498 1816 sunt,
545 1743 822 1799 omnium
859 1743 1063 1823 primo
1110 1761 1252 1799 cum
1288 1740 1537 1823 Anglis,
1599 1743 1706 1822 qui

30 1851 158 1888 non
191 1832 361 1914 prius
398 1851 459 1888 se
495 1831 785 1886 Melitam
800 1827 1156 1888 dimissuros
1175 1828 1488 1903 dicebant,
1522 1850 1709 1910 quam

31 1917 195 1975 Galli
231 1915 663 1990 Hollandiam,
703 1916 980 1990 Italiam,
1042 1916 1392 1976 Helvetiam
1443 1918 1565 1975 suis
1612 1938 1712 1976 re-

27 2007 390 2078 stituerunt,·
436 2002 888 2085 Sardiniaeque
915 2006 1047 2085 regi
1065 2004 1494 2066 satisfacerent.
1540 2004 1707 2063 Hinc

25 2092 592 2153 confoederationes
632 2113 770 2150 cum
805 2093 1014 2152 Russis
1062 2106 1124 2152 et
1172 2093 1519 2152 Austriacis
1558 2113 1708 2151 con-

29 2195 122 2240 tra
154 2181 360 2240 Gallos
393 2179 830 2261 sequebantur,
878 2182 1179 2262 imprimis
1200 2203 1397 2262 quum
1430 2180 1507 2240 de
1525 2181 1707 2238 Prin—

25 2271 330 2351 cipatibus
363 2269 669 2350 occupatis
706 2266 899 2328 libere
936 2269 1329 2351 disponeret,
1397 2283 1457 2329 et
1515 2270 1702 2327 1804.

27 2358 258 2418 Galliae
294 2359 641 2439 Imperator
662 2356 1145 2439 proclamaretur
1163 2381 1177 2430 3
1200 2358 1260 2416 in
1280 2379 1465 2439 quem
1491 2378 1524 2413 a
1539 2357 1708 2415 Pon—

29 2443 189 2504 tifice
220 2448 330 2502 Pio
371 2446 520 2502 VII.
575 2457 825 2514 unctus,
875 2446 1004 2528 ipse
1055 2445 1171 2505 sibi
1234 2448 1477 2506 Parisiis
1520 2465 1706 2504 coro-

25 2555 169 2590 nam
214 2534 537 2616 imposuit,
584 2545 877 2613 sequente
920 2555 1073 2593 vero
1112 2556 1274 2593 anno
1323 2533 1535 2592 Italiae
1590 2552 1704 2591 rex

25 2619 360 2680 Mediolani
441 2631 767 2679 coronatus
833 2634 937 2682 est.
986 2623 1273 2681 Ceterum
1328 2625 1703 2697 Botzaparte

30 2710 349 2783 Napoleon
400 2706 477 2765 ad
528 2707 760 2767 bellum
827 2723 1108 2791 paratu5,
1166 2732 1315 2768 mox
1360 2710 1704 2768 exercitum

24 2809 241 2853 contra
283 2796 635 2855 Austriacos
660 2793 875 2854 eduxit
895 2808 1063 2855 tanta
1085 2795 1413 2870 celeritate,
1437 2809 1506 2854 ut
1525 2815 1704 2855 exer-

29 2883 222 2942 citum
255 2881 646 2941 Austriacum
682 2881 835 2942 duce
883 2886 1132 2942 Mackio
1194 2898 1256 2942 et
1301 2886 1517 2942 Carolo
1562 2882 1705 2939 Ar-

32 2972 282 3029 chiclace
317 2968 691 3031 deditionem
736 2968 933 3032 facere
977 2971 1408 3055 compelleret,
1471 2972 1557 3030 sic
1593 2990 1707 3030 ne-

806 3082 825 3114 z
1460 3079 1629 3118 mine
