1940 3672
188 128 308 183 408
751 125 1180 184 Historia

100 301 211 358 tris
276 297 461 373 obiit,
523 301 824 358 Nic-olaus
883 302 1105 377 Zrinyi
1165 318 1314 359 vero
1371 296 1613 359 sortiter
1670 323 1781 383 pu-

100 407 294 469 gnans
338 406 481 445 cum
519 389 639 446 suis
673 386 1087 469 praesidiariis
1130 388 1437 448 occubuit.
1485 389 1644 446 Cum
1678 391 1784 445 Jo-

97 497 256 532 anne
299 476 693 552 Sigismundo
725 474 800 532 ad
865 479 1200 534 Tokaimcm
1247 475 1519 535 viriliter
1550 497 1789 558 pugna—

100 565 231 637 vit,
279 584 404 644 quo
445 577 696 622 mortuo
738 565 1117 640 Stephanum
1153 566 1447 640 Ba'tlzory
1479 561 1557 622 de
1607 563 1782 622 Polo-

99 654 237 711 niae
286 671 477 732 regno
511 651 820 710 aemulum
878 666 1089 711 nactus
1112 698 1127 725 ‚
1159 650 1355 712 eidem
1383 655 1431 710 is
1466 651 1779 710 poloniam

95 741 358 822 eripuit,
418 750 634 798 contra
678 762 866 820 quem
901 738 1050 799 dum
1082 761 1250 798 arma
1291 753 1572 822 pararet,
1616 741 1784 797 curis

96 826 411 887 confectus
449 825 610 885 obiit
657 830 839 888 1576.
880 830 1164 888 successit
1207 829 1261 887 ei
1300 826 1462 886 filius

272 918 639 990 Rudolplms
679 916 1091 975 Scientiarum
1129 913 1289 996 justo
1326 915 1568 975 avidior
1602 915 1787 974 Prin-

92 1023 234 1087 ceps
262 1048 278 1075 ,
325 1024 582 1062 suorum
616 1017 678 1063 et
718 1003 925 1063 fratris
969 1003 1204 1065 insidiis
1242 1024 1336 1079 se,
1382 1006 1788 1087 regimenque

94 1111 278 1150 suum
312 1089 558 1172 objecit.
605 1094 838 1151 Turcas
883 1092 1124 1174 proelio
1165 1096 1523 1174 superavit,
1569 1103 1787 1150 contra

99 1200 259 1261 quos
292 1182 477 1239 etiam
510 1178 723 1240 foedus
765 1202 908 1240 cum
946 1183 1257 1239 Bcctlzorio
1296 1182 1511 1240 inivit:
1573 1179 1779 1239 mole-

92 1269 424 1326 stissimum
482 1281 685 1328 tamen
747 1268 1044 1330 rebellem
1111 1267 1329 1327 habuit
1395 1270 1778 1343 Stephanum

92 1357 382 1434 Bocskay
439 1355 902 1418 Transilvaniae
964 1358 1356 1440 Principem,
1442 1359 1551 1440 qui
1605 1377 1784 1414 causa

89 1443 415 1525 religionis
446 1465 643 1526 quum
677 1446 1063 1528 Hungariam
1092 1445 1493 1519 devastasset,
1531 1444 1779 1503 tandem

88 1531 322 1593 celebri
373 1531 794 1617 pacificatione
859 1534 1193 1593 Viennensi
1255 1535 1643 1616 composuit3
1719 1545 1784 1590 et

88 1620 477 1703 Hungariam
517 1619 699 1681 fratri
753 1643 868 1682 suo
920 1623 1214 1679 Mathiae
1249 1619 1434 1703 pleno
1485 1619 1628 1703 jure
1673 1641 1787 1702 gu-

85 1707 469 1772 bernandam
498 1709 753 1770 tradidit
801 1710 986 1771 1608.

264 1800 586 1857 Matthias
617 1797 814 1859 donec
854 1798 1016 1855 vixit
1059 1817 1325 1878 regnum
1355 1809 1640 1880 pacatum
1678 1792 1788 1853 ha·-

90 1882 261 1959 buit,
322 1886 534 1947 turbas
573 1888 636 1945 in
672 1884 1104 1945 Transilvania
1149 1898 1316 1944 ortas
1362 1883 1627 1945 feliciter
1678 1907 1784 1943 re-

90 1976 344 2054 pressit:
411 1986 472 2035 et
508 1974 653 2035 licet
695 1974 842 2038 belli
889 1972 1247 2033 tricennalis
1300 1971 1581 2045 flamma,
1629 1994 1789 2055 quae

88 2061 153 2119 in
190 2061 521 2122 Germania
542 2077 604 2123 et
640 2060 934 2123 Bohemia
955 2060 1187 2120 dudum
1226 2061 1536 2143 gliscebat,
1569 2082 1642 2120 eo
1682 2081 1784 2119 re-

86 2164 312 2231 gnante
349 2153 411 2209 in
448 2165 734 2233 apertum
769 2152 1050 2234 eruperit
1075 2196 1090 2223 ‚
1152 2153 1215 2208 in
1260 2151 1646 2232 Hungariam
1696 2160 1788 2206 ta-

84 2260 230 2297 men
261 2261 385 2299 non
418 2242 535 2298 nisi
567 2252 706 2322 post
734 2239 862 2321 ejus
899 2250 1163 2298 mortem
1192 2240 1556 2321 penetravit.
1621 2239 1785 2295 Tan-

83 2323 227 2386 dem
261 2350 457 2409 quum
486 2346 596 2409 spe
618 2325 895 2389 haeredis
930 2327 1373 2387 destitueretur
1394 2372 1408 2400 ‚
1445 2328 1491 2384 F
1494 2325 1786 2386 erdinan-

81 2413 232 2474 dum
281 2438 315 2476 e
361 2415 552 2474 fratre
600 2428 891 2498 nepotem
947 2417 1236 2476 coronari
1292 2416 1580 2487 curavit,
1653 2414 1779 2494 ipse

82 2522 242 2563 vero
282 2506 563 2564 Viennae
610 2505 770 2564 obiit
827 2504 1012 2565 1619.

260 2594 691 2652 Ferclc'tzamlas
735 2595 822 2651 II.
850 2595 1040 2651 vitam
1077 2592 1241 2651 inter
1280 2589 1502 2650 multas
1542 2602 1603 2648 et
1642 2609 1784 2668 gra-

80 2680 357 2740 vissimas
412 2701 589 2740 curas
646 2680 975 2742 traducere
1028 2677 1286 2754 debuit,
1356 2700 1499 2738 nam
1544 2675 1780 2736 bellum

80 2768 416 2829 tricennale
437 2767 957 2849 Religionarium‚
985 2769 1371 2851 Hungariam
1392 2786 1647 2848 quoque
1668 2763 1784 2823 du-

75 2875 146 2914 ce
205 2858 493 2915 Gabriele
549 2859 819 2916 Bethlem
866 2859 1221 2917 Turcarum
1274 2877 1391 2937 ope
1451 2851 1661 2934 adjuto
1719 2864 1782 2911 et

73 2942 398 3026 religionis
449 2944 804 3007 libertatem
858 2944 1253 3006 vindicaturo
1294 2944 1623 3003 laceratam
1669 2961 1780 2998 ex-

1508 3050 1704 3112 pern-1
