1940 3672
483 161 793 217 Gallorum
839 164 899 210 et
948 153 1348 211 Francorum.
1515 154 1631 210 121

71 341 292 398 Edicto
331 337 718 395 N'annetensi.
766 333 1020 391 Jesuitas
1069 332 1174 413 qui
1210 331 1456 390 factioni
1508 329 1729 412 Hispa—

66 431 236 487 nieae
281 424 656 494 militabant,
709 419 792 478 ob
844 419 1144 479 detectam
1190 423 1253 477 in
1313 432 1496 502 caput
1550 419 1735 496 Regis

65 514 549 595 conjurationem
597 530 671 567 ex
713 521 844 566 toto
886 530 1080 589 regno
1127 507 1364 589 expulit
1390 551 1404 578 ‚
1446 526 1601 587 quos
1645 519 1734 562 ta-

62 625 205 661 men
257 599 328 658 ad
381 597 877 655 intercessionem
940 599 1260 654 Clementis
1308 592 1617 654 Pontificis
1656 615 1733 651 ex

64 689 252 749 exilio
308 683 654 755 decennali,
693 683 954 742 multum
1007 685 1328 742 resistente
1383 680 1735 742 Parlamen-

68 793 130 836 to
183 773 510 833 revocavit.
589 770 826 830 Bellum
879 793 1021 829 cum
1061 772 1348 853 Hispanis
1387 783 1624 851 gestum
1668 769 1734 846 a)

63 876 198 947 post
232 862 566 918 triennium.
604 858 880 933 finitum,
916 872 978 918 et
1021 862 1298 916 Caletum
1347 861 1619 915 Iienrico
1642 878 1740 915 re—

65 946 346 1009 stitutum
395 961 504 1007 est.
556 949 1044 1024 filargaretlzam
1091 946 1394 1007 Valesiam
1437 946 1519 1005 ob
1559 945 1737 1003 steri—

63 1039 294 1096 litatem
346 1056 658 1105 consensu,
709 1034 1024 1094 Pontifieis
1085 1032 1402 1093 dimittens
1452 1036 1737 1090 Effariam

61 1126 402 1182 Medic-eam
453 1122 644 1181 duxit.
737 1121 1243 1205 Conjurationem
1303 1123 1362 1180 in
1410 1142 1472 1180 se
1525 1122 1738 1178 initam

67 1208 325 1271 authore
372 1214 632 1269 Bironio
701 1209 1061 1270 Mai-escallo
1117 1208 1434 1292 dissipavit
1467 1251 1483 1280 ‚
1541 1221 1603 1267 et
1662 1205 1738 1265 de

61 1299 387 1382 primipilis
442 1321 664 1381 poenas
725 1298 908 1357 dedit.
1002 1299 1216 1356 Postea
1295 1318 1328 1356 e
1391 1309 1522 1354 toto
1587 1293 1740 1353 orbe

59 1385 405 1446 Christiano
436 1410 617 1445 unam
658 1386 1102 1470 rempublicam
1157 1383 1428 1443 formare
1481 1380 1740 1441 medita-

64 1474 246 1532 batur
279 1518 294 1546 ,
351 1475 452 1535 sed
512 1474 745 1534 nefaria
806 1475 1049 1557 pessimi
1098 1471 1364 1530 bominis
1413 1472 1737 1528 Franci-sci

63 1565 397 1621 Ravalliac
445 1585 629 1622 manu
666 1565 1024 1621 interemtus
1062 1575 1151 1620 est
1201 1559 1382 1620 1610.
1431 1559 1606 1637 regni
1641 1557 1738 1616 21.

65 1671 374 1708 successor
417 1649 543 1729 ejus
595 1653 963 1710 constitutus

239 1738 312 1795 ll.
378 1742 725 1796 Lacloviczcs
778 1740 952 1797 XIII.
1015 1738 1315 1796 novennis
1377 1731 1741 1804 suecedenS‚

72 1826 301 1884 interea
342 1828 614 1906 regimen
651 1828 920 1905 Reginae
961 1828 1143 1883 matri
1187 1816 1573 1882 commissum
1611 1834 1737 1893 est,

68 1917 176 1993 qui
239 1912 384 1970 dum
423 1912 785 1972 adolevisset
824 1913 1077 1972 oonsilio
1138 1910 1474 1970 Cardinalis
1518 1911 1744 1967 Riclze-

65 2004 135 2058 lic·
185 2002 455 2059 Ministri
508 2004 599 2060 sui
669 2001 1013 2060 absolutum
1076 1999 1421 2058 dominium
1484 2002 1544 2056 in
1602 1996 1745 2055 Gal-

65 2089 212 2145 liam
245 2088 631 2160 introduxit,
654 2089 1096 2169 Gallorumque
1134 2091 1468 2169 potentiam
1485 2085 1560 2143 ad
1586 2085 1744 2141 invi-

66 2174 229 2234 diam
282 2179 467 2235 auxit.
559 2179 863 2259 Hispanos
905 2180 965 2236 in
1020 2175 1194 2235 Italia
1251 2175 1450 2233 navali
1502 2172 1739 2256 proelio

67 2262 142 2320 ad
210 2265 483 2322 Genuam
550 2267 732 2338 vicit,
772 2266 1194 2346 Hispanorum
1234 2261 1452 2321 fastum
1498 2263 1747 2343 depres-

69 2351 145 2409 sit
171 2397 184 2424 ,
215 2352 724 2432 Hugonottorum
756 2356 919 2413 vires
944 2354 1223 2425 attrivit,
1267 2355 1435 2409 varia
1458 2348 1749 2409 fortalitia

69 2437 412 2509 destruxit,
459 2443 929 2500 munitissimam
989 2440 1208 2498 urbem
1249 2443 1582 2516 Rupellam
1619 2450 1746 2494 stu-

69 2526 267 2608 penda
306 2527 628 2587 obsidione
665 2531 1057 2612 expugnavit.
1136 2532 1207 2587 In
1244 2529 1578 2589 Germania
1621 2523 1749 2582 bel-

1595 2612 1659 2669 lo

139 2823 208 2883 a)
247 2820 526 2873 ThuanuS.
564 2820 628 2873 L.
665 2818 762 2871 110
800 2851 867 2859 —-
910 2819 1027 2877 13⁶2.
1068 2820 1327 2872 Ludovic.
1362 2819 1577 2872 Lucius,
1613 2818 1752 2869 Hist.

214 2889 389 2940 Jesuv.
425 2891 486 2941 L.
525 2889 578 2943 4.
620 2908 664 2945 c,
702 2888 746 2939 3.
784 2890 1012 2941 Lanzius
1063 2892 1112 2940 in
1167 2899 1304 2939 orat.
1361 2908 1414 2958 p.
1471 2886 1589 2939 323.
1646 2888 1750 2938 Jul.

214 2958 724 3080 gzeslairgilllxuslinger
768 2960 825 3010 in
863 2961 997 3013 Hist.
1038 2960 1225 3011 Petrus
1263 2959 1480 3011 Mathei.
1526 2960 1580 3010 in
1620 2958 1754 3010 Hist.
