1940 3672
232 145 311 203 24
763 150 1173 205 Historia

133 327 294 400 Quia
340 328 546 389 Mauri
598 352 633 389 a
671 326 892 390 bellica
938 327 1246 411 majorum
1285 329 1520 385 virtute
1552 324 1821 384 multum

130 413 618 497 degenerarunt,
666 417 960 499 neglectis
1009 418 1178 476 enim
1236 417 1422 474 armis
1454 460 1468 486 ,
1532 434 1660 472 sese
1697 436 1812 496 pe·-

130 506 296 562 nitus
349 504 564 563 studiis
597 504 936 579 dederunt,
988 507 1151 563 inter
1197 526 1352 586 quos
1386 511 1693 561 Averroes
1726 523 1826 561 ce-

134 590 507 652 leberrimus
542 592 735 651 libros
780 595 1142 649 Aristotelis
1183 606 1360 651 antea
1391 592 1628 672 ignotos
1669 592 1829 647 Ara-

129 678 264 738 bice
324 679 633 752 reddidit,
687 691 750 737 et
786 681 1242 738 commentariis
1292 678 1637 737 illustravit.
1686 677 1821 734 Hac

128 781 327 826 aetate
380 765 732 848 complures
791 767 1071 825 civitates
1123 768 1185 825 in
1252 767 1549 848 Hispania
1604 763 1823 823 condi—

127 852 397 926 derunt,
448 875 605 935 quae
644 853 920 912 Arabica
964 856 1218 912 nomina
1276 855 1338 911 in
1406 851 1568 912 hunc
1621 875 1828 935 usque

127 940 294 1000 diem
336 943 640 1015 retinent3
689 943 815 1002 imo
850 956 912 1001 et
957 939 1254 1002 hodierna
1286 942 1493 1022 lingva
1531 943 1825 1024 Hispani-

127 1050 195 1086 ca
254 1052 380 1087 non
429 1051 650 1114 parum
700 1029 776 1090 de
812 1029 1020 1113 lingva
1072 1029 1345 1088 Arabica
1381 1032 1625 1089 retinet.

51 1193 63 1202 ’
132 1188 293 1257 Regis
331 1188 571 1240 Alarici
605 1188 814 1250 affinis,
855 1190 949 1259 qui
988 1189 1175 1241 relicta
1197 1188 1343 1240 Italia
1382 1188 1697 1259 Hispaniam
1732 1207 1832 1258 pe»,

128 1259 219 1309 tiit
276 1258 396 1311 415.
435 1269 489 1309 et
529 1269 738 1328 partem
781 1278 1049 1330 occupans
1074 1300 1088 1315 ,
1127 1262 1235 1311 suis
1279 1259 1525 1328 reliquit.
1601 1260 1834 1327 Sigeri—

131 1348 243 1379 cus.
321 1329 370 1385 7.
442 1347 613 1385 mens,
671 1329 876 1381 Vallia
915 1349 1004 1387 an.
1069 1328 1148 1381 13.
1221 1360 1290 1368 —-—
1361 1329 1481 1382 429.-
1537 1329 1671 1396 Sub}
1720 1346 1830 1399 quo

137 1398 365 1450 Vandali
415 1397 626 1467 fugati.
701 1409 754 1449 et
805 1399 1228 1450 Aleniannorum
1294 1400 1554 1471 reliquiae
1619 1398 1825 1449 deletae

127 1477 271 1520 sunt.
321 1468 717 1520 Theodoredus
755 1487 923 1538 usque
960 1470 1081 1520 4:31.
1132 1468 1827 1523 TltorismwzduS.—452.

139 1539 628 1590 Tlaeoclorieus.--
651 1538 771 1595 567.
811 1540 1122 1591 Euat-icus.
1162 1538 1280 1590 483.
1320 1538 1826 1593 Alaricus—507.

128 1610 223 1678 qui
264 1609 534 1659 Romanos
573 1627 642 1660 ex
682 1610 931 1661 universa
988 1609 1247 1679 Hispania
1288 1610 1564 1680 expellens
1596 1625 1829 1674 regnum

130 1677 395 1730 condidit.
441 1678 801 1730 Geselarz'cus
820 1678 941 1736 511.
982 1679 1584 1737 Amalaricus—:5231.
1639 1679 1829 1730 'l'lzeu-

131 1748 342 1799 clz'selus
378 1780 447 1787 —
487 1747 603 1800 549.
645 1750 806 1801 multi
849 1749 1219 1806 subditorum.
1263 1749 1475 1801 insidiis
1508 1759 1601 1800 aut
1634 1747 1828 1798 affictis

133 1819 455 1869 criminibus
494 1837 593 1889 pcr
647 1835 772 1869 eum
812 1819 1009 1869 sublati
1047 1830 1173 1869 sunt
1216 1829 1276 1870 ut
1328 1836 1519 1870 eorum
1564 1819 1829 1870 uxoribus

134 1888 481 1939 abuteretur:
524 1906 687 1959 quare
730 1888 937 1957 Hispali
995 1890 1139 1940 inter
1175 1888 1556 1958 prandendum
1594 1887 1830 1938 obtrun-

129 1967 277 2008 catus
329 1968 426 2010 est.
466 1959 737 2028 Agilcz*
765 1958 882 2011 554.
920 1959 1361 2028 Atlzanagildus
1401 1956 1518 2010 568.
1559 1958 1832 2009 Romanos

138 2029 430 2080 auxiliares
455 2030 508 2079 in
549 2030 867 2098 Hispaniam
905 2031 1132 2081 vocavit.
1206 2027 1391 2080 Liuba
1427 2060 1496 2068 —
1535 2027 1650 2079 573.
1682 2028 1831 2079 Leo-

131 2097 620 2165 vigz‘ldus—586.
662 2099 753 2168 qui
792 2098 1046 2150 Corduba
1070 2110 1242 2170 capta,
1281 2102 1496 2168 integro
1529 2099 1838 2150 Gothorum

135 2184 305 2235 regno
361 2186 484 2219 cum
541 2168 711 2233 Gallia
751 2168 1089 2219 Narbonensi
1122 2171 1368 2239 potitus,
1408 2186 1638 2237 regnum
1677 2169 1828 2218 insu-

133 2255 234 2307 per
281 2238 598 2289 Cantabriae
636 2249 690 2289 et
727 2240 1059 2306 Arragoniae
1101 2240 1318 2310 adjecit.
1391 2240 1558 2290 Flav.
1598 2240 1824 2290 Becca-

132 2307 302 2358 reclus
336 2339 405 2347 —-
441 2308 558 2360 601.
598 2308 764 2359 fidem
818 2308 1152 2361 Catholicam
1185 2310 1467 2380 amplexus
1506 2319 1616 2364 est,
1656 2328 1683 2359 a
1716 2327 1825 2378 quo

130 2377 516 2429 descendentes
566 2379 824 2429 Castellae
864 2396 1016 2447 reges
1071 2398 1240 2450 usque
1278 2380 1345 2429 ad
1395 2398 1645 2435 mauros,
1684 2379 1830 2430 Fla-

131 2448 225 2497 vii
281 2458 709 2515 cognomentum
761 2459 1107 2517 acceperunt.
1182 2448 1377 2500 Lz'ztba
1427 2450 1514 2502 II.
1579 2480 1649 2489 —
1702 2447 1826 2501 603.

139 2516 553 2570 Vitterz'cus—
586 2517 700 2570 610.
738 2518 832 2587 qui
865 2517 1119 2570 Liubam
1153 2519 1648 2589 trucidaveratipse
1685 2537 1828 2588 quo-

134 2605 238 2655 que
274 2608 320 2640 a.
359 2587 404 2639 7.
444 2587 577 2640 dum
616 2590 965 2657 Saguntz'ccm
1007 2590 1265 2641 Romanis
1300 2590 1615 2658 adjecisset.
1654 2608 1681 2638 a
1717 2590 1828 2639 suis

132 2658 284 2710 inter
320 2658 536 2728 Epulas,
576 2661 804 2717 (›ccisus‚
848 2677 1210 2711 successorem
1247 2660 1454 2728 accepit
1497 2658 1828 2710 Gundoma-

134 2729 267 2780 r‘um.
298 2760 367 2766 —
399 2727 520 2782 612.
560 2726 845 2779 Βίείῦιιίαε
878 2759 946 2768 -
977 2729 1097 2781 622.
1138 2730 1230 2800 qui
1271 2731 1499 2780 =ludaeos
1555 2729 1825 2779 Christia-

131 2800 369 2848 nismum
401 2799 672 2868 suscipere
711 2799 886 2866 coegit
910 2838 923 2860 ‚
966 2809 1019 2849 et
1055 2800 1271 2852 Francis
1322 2800 1561 2869 quasdan
1599 2798 1827 2866 provin-

135 2872 241 2920 cias
300 2868 519 2919 ademit.
595 2869 735 2919 Huic
780 2868 925 2920 filius
974 2869 1340 2920 Rea-caredas
1383 2871 1676 2929 successit,
1734 2868 1828 2936 qui

133 2935 287 2990 ⁸sexto
330 2956 514 2988 mense
563 2937 741 2989 desiit.
817 2939 1103 2991 Suz’ntz'llcz
1144 2950 1196 2990 et
1233 2940 1570 2991 Bit-imerus
1609 2970 1677 2978 ——
1711 2939 1830 2991 031.

137 3009 282 3060 solus
346 3017 514 3060 totam
581 3008 895 3079 Hispaniam
960 3010 1205 3062 obtinuit
1237 3050 1256 3079 ⁹.
1313 3010 1440 3061 hinc
1491 3028 1595 3059 non
1654 3008 1830 3062 solum

1598 3079 1756 3129 Prin-
