1940 3672
634 199 1239 273 IIispanot-um.
1581 206 1658 263 55

71 376 219 437 haec
262 379 468 460 erupit
515 373 744 433 verba:
793 377 933 454 quis
977 396 1119 433 cum
1170 378 1367 435 ventis
1421 377 1747 441 fluctibus—

68 487 193 546 que
240 488 340 524 eos
385 483 661 546 pugnare
709 459 913 541 jussit:
975 463 1204 544 quibus
1251 462 1425 523 bellis
1479 471 1744 547 agitatus

68 549 217 612 adeo
262 551 568 610 aerarium
618 547 934 622 exhausit,
980 564 1050 609 ut
1086 550 1230 610 licet
1290 566 1467 612 antea
1507 553 1736 615 ditissi-

65 663 198 698 mus
245 642 306 695 in
350 637 593 717 Europa
628 637 920 719 Princeps
950 636 1173 711 fuerit,
1220 651 1423 699 tamen
1467 646 1744 703 moriens

66 730 343 807 quinque
393 722 558 782 mille
600 723 949 783 millionum
994 748 1328 786 aureorum
1376 726 1587 790 debita
1639 755 1740 792 re-

59 814 325 895 liquerit.
381 812 560 870 1598.

209 901 316 959 IV.
366 900 690 973 Philippus
736 901 861 957 III.
956 900 1108 958 Jure
1166 899 1584 964 haereditario
1639 929 1738 966 re-

58 1009 246 1068 gnum
273 997 334 1043 et
375 985 605 1044 bellum
634 985 952 1068 Belgicum
983 986 1291 1062 obtinens,
1338 1005 1597 1072 paterna
1644 996 1739 1052 in-.

54 1075 342 1135 felicitate
392 1089 752 1156 prosecutus
787 1089 912 1148 est,
961 1074 1188 1155 quibus
1227 1075 1372 1136 belli
1414 1079 1735 1142 laboribus

57 1162 322 1222 defessus
344 1207 357 1229 ‚
405 1162 882 1243 sumptibusque
908 1161 1254 1238 exhaustus,
1285 1165 1553 1227 ‘tandem
1592 1191 1736 1229 cum

51 1249 351 1309 foederati
401 1248 599 1330 Belgii
647 1251 988 1333 provinciis
1020 1272 1236 1334 pacem
1284 1253 1347 1310 in
1402 1257 1495 1314 12.
1542 1277 1733 1317 annos

50 1337 233 1411 fecit,
287 1334 470 1399 1609.
519 1338 720 1398 Omne
752 1340 1196 1398 commercium
1243 1341 1305 1397 in
1339 1340 1578 1417 Indias,
1626 1368 1735 1406 ex-

44 1429 236 1510 ceptis
275 1425 564 1508 Hispanis
585 1441 648 1486 et
683 1428 991 1486 Lusitanis
1026 1426 1354 1510 prohibuit
1389 1432 1451 1510 a)
1497 1433 1733 1492 Nonies

40 1529 299 1574 centena
335 1512 529 1570 millia
581 1514 950 1574 Maurorum
993 1536 1072 1574 ex
1112 1518 1454 1599 provinciis
1501 1521 1729 1605 Hispa-

38 1604 192 1662 nicis
247 1598 458 1683 ejecit,
506 1603 631 1661 imo
679 1625 757 1662 ex
813 1601 1070 1662 consilio
1116 1605 1417 1688 principis
1448 1606 1526 1667 de
1566 1612 1728 1667 Ler—

38 1714 141 1748 ma
186 1689 578 1771 aliorumque
613 1691 1049 1750 Ministrorum
1076 1736 1091 1764 ‚
1140 1706 1335 1752 terras
1384 1717 1602 1757 eorum
1660 1701 1727 1756 in

36 1778 432 1839 solitudinem
479 1776 750 1859 redegit3
799 1792 977 1838 erant
1026 1776 1087 1837 hi
1135 1802 1349 1840 omnes
1417 1807 1449 1841 a
1488 1786 1727 1845 Mauris

32 1865 472 1927 descendentes
545 1870 797 1926 nomine
862 1865 1118 1948 quidem
1181 1866 1551 1946 Christiani,
1597 1898 1725 1935 non

34 1971 243 2016 tamen
293 1976 442 2014 vere
502 1953 871 2036 religionem
952 1954 1366 2017 Christianam
1430 1961 1720 2043 profiteri

31 2042 464 2106 credebantur.
557 2043 670 2103 His
704 2045 853 2103 actis
890 2046 1217 2122 Philippus
1263 2048 1390 2105 III.
1439 2065 1724 2111 mortuus

31 2147 124 2194 est
184 2133 368 2192 1621.
415 2132 490 2211 b)

185 2222 263 2281 V.
314 2219 640 2297 Philippus
686 2221 802 2279 IV.
850 2220 1030 2279 initio
1072 2223 1278 2280 statim
1310 2220 1543 2284 bellum
1577 2244 1724 2284 cum

26 2310 266 2368 Batavis
307 2321 369 2366 et
412 2308 613 2390 Belgis
649 2306 980 2368 foederatis
1035 2322 1207 2369 tanto
1264 2328 1567 2394 apparatu
1620 2338 1721 2375 re—

33 2399 309 2469 novavit,
355 2407 638 2480 utusque
673 2419 768 2454 an.
803 2399 983 2459 1648.
1034 2396 1509 2480 protraheretur
1527 2414 1554 2477 '3—
1590 2425 1718 2485 quo

28 2508 190 2544 anno
234 2505 377 2544 cum
421 2485 662 2545 Batavis
689 2530 704 2557 ,
751 2508 874 2569 pax
915 2486 1280 2545 Monasterii
1313 2491 1466 2548 inita
1515 2503 1606 2550 est
1643 2514 1713 2551 ea

28 2574 191 2653 lege:
253 2587 324 2631 ut
392 2586 630 2655 septem
693 2577 1057 2656 provinciae
1122 2575 1316 2656 Belgii
1375 2575 1712 2652 foederati,

27 2664 121 2719 sui
174 2658 326 2741 juris
358 2673 419 2720 et
451 2660 684 2721 liberae
733 2659 1022 2744 deinceps
1054 2659 1436 2723 haberentur
1459 2690 1475 2740 3
1524 2680 1714 2748 atque

25 2747 175 2808 haec
205 2762 295 2808 est
347 2752 527 2830 origo
578 2750 980 2826 Reipublicae
1034 2752 1502 2823 Hellandc'ecce,
1552 2777 1713 2835 quae

835 2859 869 2893 c
919 2842 953 2897 2
1438 2844 1627 2904 etiam

89 3039 163 3115 a)
204 3038 422 3090 Thuan.
464 3037 523 3089 L.
551 3035 680 3116 426.
726 3037 844 3093 132.
890 3037 1005 3093 138.
1076 3040 1148 3111 b)
1191 3040 1399 3092 Matuta
1435 3040 1706 3096 Pennafiel

185 3109 250 3160 de
283 3107 593 3179 genealogia
626 3108 868 3184 Philippi
906 3111 987 3166 111.
1025 3110 1162 3167 edit.
1200 3109 1351 3165 1614.
