1940 3672
241 157 364 216 252
835 165 1276 224 Historia

136 339 330 400 vtione
387 337 603 425 jugum
654 357 983 418 excutere,
1035 369 1337 430 regesque
1390 350 1678 431 proprios
1734 350 1852 408 sibi

163 425 393 510 eligere
437 444 753 491 tentarunt
808 454 1004 514 usque
1050 435 1123 493 ad
1179 435 1432 496 exilium
1503 438 1855 494 Christiani

170 518 248 575 II.
288 536 393 575 seu
427 518 503 577 ad
549 542 782 579 annum
831 521 1016 581 1525.
1069 536 1138 581 ut
1175 526 1236 581 in
1281 523 1516 583 Daniae
1578 525 1856 584 Historia

166 600 291 686 jam
315 604 582 666 vidimus
601 653 616 681 ,
645 608 854 667 Svecis
885 626 1214 689 praeerant
1251 613 1440 687 1597,
1465 615 1857 690 stffargareta

168 707 230 750 et
267 696 740 761 Ericas‚1458.
801 699 1287 773 Christoplzorzcs
1358 701 1540 759 1448.
1596 701 1858 758 Carolus

172 780 313 840 VII.
357 782 540 842 1470.
560 785 1014 845 Stena-Scarus
1039 787 1293 850 ProreX.
1321 788 1504 848 1485.
1530 790 1860 848 Jolzamzes.

174 867 358 927 1515.
391 871 790 930 Christianus
827 877 898 932 ΙΙ.
933 873 1015 933 ob
1055 876 1502 936 immanitatem
1536 899 1860 959 nunquam

168 967 346 1015 antea
387 956 660 1019 auditam
700 985 732 1019 a
769 962 890 1021 suis
935 961 1163 1045 pulsus.
1220 963 1404 1024 1525.
1456 988 1577 1046 qua
1613 980 1862 1048 tempe-

170 1055 324 1102 state
357 1046 539 1106 Sveci
582 1046 739 1108 facta
781 1050 861 1109 ab
896 1051 1031 1109 aliis
1071 1053 1275 1132 regnis
1313 1056 1687 1127 secessione,
1737 1053 1857 1113 sibi

168 1135 497 1216 proprium
535 1158 747 1220 regem
788 1136 925 1220 jure
957 1137 1368 1200 haereditario
1395 1140 1746 1223 elegerunt:
1787 1140 1854 1218 a)

332 1240 679 1301 Gastcwzim
710 1246 760 1302 I.
795 1242 873 1304 de
915 1248 987 1303 V
978 1268 1093 1304 asa
1115 1247 1223 1328 qui
1260 1244 1639 1329 aliquamdiu
1681 1247 1855 1304 aDa-

168 1328 265 1385 nis
316 1329 670 1390 carceribus
704 1331 1023 1407 detentus,
1071 1333 1216 1394 dein
1264 1333 1483 1417 elapsis
1531 1357 1680 1394 mox
1715 1338 1860 1392 Da-

164 1418 560 1476 lecczrlienses
610 1418 887 1502 aliosque
944 1420 1021 1480 ad
1087 1422 1479 1502 tyrannidem
1535 1425 1860 1482 Danorum

165 1505 599 1567 excutiendam
649 1522 712 1568 et
759 1509 1114 1570 libertatem
1160 1509 1596 1569 vindicandam
1655 1524 1861 1569 tanto-

162 1613 316 1674 pere
349 1592 782 1673 inflammavit,
831 1612 902 1657 ut
936 1599 1117 1658 Sveci
1140 1621 1281 1658 eum
1307 1599 1490 1657 1521.
1523 1600 1724 1680 Regni
1755 1598 1863 1657 ad·-

164 1684 653 1745 ministratorem
692 1689 1173 1760 constituerent,
1221 1690 1335 1768 qui
1361 1701 1691 1771 postquam
1738 1690 1863 1746 Da—

165 1789 278 1828 nos
316 1792 350 1829 e
394 1768 625 1832 finibus
676 1774 926 1834 Sveciae
979 1774 1350 1857 expulisset,
1403 1779 1860 1857 Holmiamque

168 1856 234 1914 in
281 1855 663 1922 deditionem
729 1865 1094 1946 accepisset,
1158 1862 1481 1922 Danorum
1533 1862 1862 1923 factionem

168 1949 565 2029 opprimenS,
603 1964 919 2033 tamquam
957 1949 1266 2009 libertatis
1318 1952 1574 2012 Sveciae
1627 1951 1859 2010 vindex

167 2047 230 2093 et
276 2035 605 2111 Assertor‚
652 2041 968 2099 communi
1009 2054 1159 2100 voto
1187 2042 1324 2099 Rex
1346 2040 1598 2101 Sveciae
1632 2041 1861 2101 electus

166 2135 287 2197 est,
330 2127 441 2206 qui
484 2125 618 2185 latis
650 2126 1078 2188 saluberrimis
1113 2127 1352 2209 legibus
1392 2127 1541 2187 dum
1577 2130 1859 2189 Sveciam

173 2212 614 2294 tranquillitati
657 2217 1056 2290 restituisset,
1090 2236 1389 2276 consensu
1443 2218 1860 2277 Comitiorum

169 2298 564 2382 Religionem
597 2301 977 2363 Catholicam
1028 2302 1338 2376 abolevit,
1389 2318 1451 2364 et
1498 2307 1862 2365 Doctrinam

168 2386 599 2470 Evangelicam
638 2393 821 2454 1528.
859 2391 1105 2475 publica
1150 2391 1286 2474 lege
1322 2391 1603 2468 induxit,
1645 2418 1678 2451 a
1732 2414 1859 2476 quo

168 2488 452 2558 tempore
478 2478 723 2562 Religio
771 2478 1126 2541 Lutherana
1174 2478 1352 2563 juxta
1410 2481 1859 2542 confessionem

168 2562 600 2646 Augustanam
644 2570 707 2625 in
742 2568 959 2629 Svecia
1001 2571 1185 2651 viget.
1246 2568 1537 2630 Formam
1598 2592 1852 2652 quoque

167 2651 512 2734 Regiminis
543 2659 833 2733 mutavit,
872 2657 1130 2739 Regiam
1164 2659 1607 2719 successionem
1644 2657 1859 2719 haere-

1597 2745 1765 2804 dita-

223 2939 294 2998 cz)
333 2931 598 2982 'l'huanus
626 2931 767 2983 Hist.
804 2933 864 2984 L.
901 2932 947 2985 1.
986 2943 1040 2985 et
1075 2933 1167 2991 22.
1217 2935 1489 3005 Chytreus
1543 2935 1598 2986 iu
1641 2936 1845 2992 Saxou,

318 3002 509 3053 Ericus
546 3000 734 3056 OlauS.
772 3003 1002 3056 Joannes
1037 3004 1336 3060 Locceuius
1366 3007 1424 3058 in
1456 3005 1593 3059 Hist.
1630 3006 1848 3058 Sveciae

316 3072 569 3125 Holmiae
610 3070 762 3125 1654.
