1940 3672
712 215 1167 270 Danoram.
1563 211 1686 271 205

86 408 308 464 tiorem
358 396 675 454 Danorum
712 391 955 472 Regum
1009 390 1457 450 successionem
1500 388 1581 448 ab
1643 393 1781 448 He-

86 495 265 550 raldo
303 504 449 564 rege
488 476 859 538 deducemus
914 478 1347 560 sequentibus:

244 580 285 634 Ι.
336 569 651 627 Heroldzcs
692 569 1055 624 Blatanclas
1092 581 1417 649 postquam
1459 566 1779 624 civitatem

86 668 361 724 Julinum
400 660 463 714 in
504 653 704 713 insula
759 657 994 712 [Vollin
1035 654 1423 714 condidisset.
1472 651 1784 712 Marchio-

86 774 229 812 nem
256 746 701 805 Slesvicensem
735 741 1066 815 interfecit,
1115 743 1193 802 ob
1217 741 1391 823 cujus
1428 740 1675 800 caedem
1701 740 1780 798 ab

95 844 312 898 Ottone
359 833 514 913 Imp.
562 833 760 888 victus
805 830 1174 912 religionem
1233 830 1642 889 Christianam
1685 849 1788 887 su·-

95 929 331 1007 scipere
378 931 623 978 coactus
678 931 768 975 est
800 920 958 978 circa
1010 943 1062 977 a.
1113 920 1256 979 940.
1321 932 1538 978 contra
1599 938 1788 998 quem

94 1017 286 1071 Sveno
335 1007 500 1067 sil-ius
550 1005 625 1065 ad
662 1005 1101 1066 Gentilismum
1160 1006 1485 1089 prolapsus
1549 1004 1784 1066 bellum

86 1100 318 1170 movit,
368 1117 495 1176 quo
540 1097 603 1152 in
638 1092 802 1154 bello
850 1108 1028 1179 pater
1082 1096 1252 1155 anno*
1298 1095 1476 1177 regni
1528 1095 1627 1154 50.
1681 1113 1784 1153 oc-

87 1187 319 1247 cubuit.
369 1187 436 1261 a)
487 1184 637 1244 980.

266 1275 339 1331 ΙΙ.
437 1274 635 1328 Sveno
685 1272 940 1328 Bar-bae
984 1273 1305 1328 Furcatae
1351 1291 1478 1328 non
1543 1281 1786 1328 tantum

87 1364 280 1447 patris
320 1358 426 1420 sed
463 1372 524 1418 et
554 1355 1052 1417 Christianorum
1103 1371 1462 1442 persecutor
1494 1377 1790 1437 magnam

90 1449 354 1533 Angliae
395 1460 637 1530 partem
664 1443 942 1522 domuit3
987 1445 1300 1506 Vandalos
1330 1447 1515 1505 etiam
1557 1442 1641 1503 ob
1681 1465 1792 1525 pa-

94 1554 257 1598 trem
291 1533 788 1620 persequebatur
826 1533 931 1595 sed
991 1533 1360 1606 infeliciter,
1406 1554 1550 1590 nam
1601 1530 1678 1590 ab
1721 1533 1791 1591 iis

96 1640 192 1687 ter
258 1647 321 1685 se
377 1622 676 1696 redemit,
746 1645 940 1704 quum
998 1644 1243 1705 semper
1302 1621 1450 1703 lytri
1511 1618 1793 1679 solvisset

96 1727 339 1773 tantum
375 1724 681 1794 quantum
723 1731 948 1795 corpus
983 1711 1404 1795 ponderasset,
1451 1706 1643 1769 semel
1684 1729 1793 1765 au·-

95 1805 192 1876 ri,
253 1801 348 1860 bis
383 1801 617 1881 argenti
649 1821 661 1857 :
715 1800 840 1857 imo
864 1802 1048 1859 etiam
1083 1799 1162 1858 ab
1193 1797 1657 1858 Julianensibas
1702 1815 1799 1854 ca-

95 1904 312 1973 ptum,
359 1888 651 1946 mulieres
695 1888 1031 1948 monilibus
1082 1902 1144 1949 et
1198 1888 1455 1969 gemmis
1505 1883 1795 1945 redeme-

96 1992 291 2051 runt3
339 1998 527 2058 quam
576 1976 1062 2035 munificentiam
1082 1986 1610 2045 remuneraturus,
1644 1993 1796 2031 mox

97 2066 337 2140 sanxit,
386 2078 455 2122 ut
494 2061 758 2123 feminae
795 2078 971 2122 antea
1015 2063 1214 2147 ajure
1258 2061 1647 2124 haereditatis
1689 2082 1798 2119 ex·-

97 2153 336 2225 clusae,
395 2151 683 2233 deinceps
734 2150 1054 2211 dimidiam
1096 2166 1341 2234 partem
1400 2147 1796 2209 haereditatis

99 2242 457 2323 acciperent
493 2261 636 2297 cum
678 2239 985 2299 maribus:
1036 2240 1284 2299 tandem
1321 2240 1398 2299 ab
1431 2241 1623 2298 Erico
1659 2255 1797 2297 sve-

99 2348 174 2388 co
219 2349 416 2410 regno
462 2326 860 2404 deturbatus,
895 2328 1055 2388 obiit
1101 2332 1282 2389 1014.
1323 2329 1384 2409 b)

418 2500 625 2602 Reges
673 2525 1023 2584 Christiani
1072 2525 1465 2583 CelebrioreS.

273 2685 386 2745 III.
445 2688 724 2768 Cametas
785 2689 874 2744 M
950 2686 1232 2768 Angliam
1304 2687 1511 2761 ferr0,
1558 2684 1800 2745 Norve-

104 2776 267 2857 giam
331 2796 486 2835 vero
533 2788 666 2836 arte
713 2787 775 2835 et
815 2797 968 2835 auro
1007 2775 1286 2858 subegit,
1329 2778 1477 2834 item
1511 2769 1801 2854 subjuga-

1616 2873 1714 2920 vit

174 3049 249 3120 a)
288 3048 443 3169 Saxicg3
464 3007 880 3098 Grammaticus·
917 3043 985 3104 L.
1041 3043 1125 3099 10.
1199 3042 1273 3117 h)
1323 3045 1606 3100 Crantzius
1640 3044 1697 3100 L.
1746 3044 1799 3099 3.

271 3138 320 3174 C.
448 3154 462 3168 ο
