1940 3672
272 117 399 177 216
778 119 1223 176 Historia

175 313 293 354 rex
344 292 577 355 electus
635 291 817 353 1525.
875 315 1003 377 quo
1058 305 1340 378 tempore
1390 293 1571 354 Sveci
1648 294 1865 379 jugum

178 382 500 441 Danorum
525 382 938 456 excutienteS,
962 381 1249 467 deinceps
1285 384 1553 467 propriis
1592 398 1653 444 et
1691 384 1864 445 inde-

178 467 589 553 pendentibus
626 469 879 550 regibus
914 484 1293 552 paruerunt,
1357 493 1482 553 quo
1521 469 1680 530 facto
1715 474 1865 531 unio

183 559 621 615 Calmariensis
649 555 847 615 soluta
884 572 988 616 est.
1030 561 1389 617 Fridericus
1416 557 1510 618 hic
1552 561 1867 617 Christia-

176 668 322 702 num
359 644 603 705 exulem
637 666 755 726 ope
794 647 986 705 affinis
1022 648 1293 707 Caesaris
1354 650 1565 706 Caroli
1603 652 1679 705 V.
1725 648 1871 706 sub-

176 735 392 792 nixum
429 753 692 815 regnum
730 745 1111 815 repetentem
1145 734 1529 817 profligavit,
1599 738 1763 818 cepit
1809 750 1872 796 et

176 821 527 881 carceribus
578 821 986 903 mancipavit3
1035 825 1145 903 qui
1188 836 1255 881 ut
1289 846 1550 906 regnum
1585 824 1704 882 sibi
1739 846 1871 883 am-

178 908 342 992 plius
362 907 440 967 111
444 930 572 966 mar
577 921 637 967 et
657 907 926 968 liberum
948 909 1263 992 leligionis
1286 913 1650 972 exercitium
1670 913 1758 971 Ev
1745 934 1867 970 an-

179 996 386 1078 gelicis
433 997 763 1070 concessit,
825 997 1085 1080 ejusque
1137 1002 1569 1075 conniventia,
1651 1014 1873 1089 poten-

178 1089 260 1144 tia
292 1085 632 1145 nobilitatis
653 1085 919 1144 Danicae
940 1086 1017 1145 ad
1045 1108 1351 1146 summum
1383 1089 1689 1170 fastigium
1728 1109 1872 1148 eve-

175 1188 269 1233 cta
305 1188 423 1235 est:
470 1175 579 1256 qui
623 1187 839 1234 exacto
870 1173 1169 1234 decennio
1207 1176 1365 1235 obiit
1409 1178 1592 1237 1555.

350 1264 583 1323 XXVI.
658 1263 1056 1323 Christianus
1130 1266 1256 1324 III.
1323 1262 1485 1324 filius
1555 1265 1870 1324 Friclerici

176 1350 370 1410 multa
440 1349 697 1410 adversa
759 1351 938 1411 initio
1013 1354 1222 1412 statim
1285 1352 1552 1413 tolerare
1619 1351 1872 1425 debuit,

175 1463 317 1499 nam
355 1439 640 1523 Episcopi
685 1437 919 1521 aliique
965 1462 1255 1521 proceres
1298 1462 1444 1500 cum
1496 1441 1871 1502 Lubecensi-

177 1528 290 1587 hus
357 1526 512 1588 duce
579 1529 1022 1603 Christoplzoro
1099 1530 1545 1606 Oldetzburgieo
1623 1530 1868 1589 Comite

184 1619 610 1676 Christianum
651 1637 861 1698 regem
909 1618 1242 1676 restituere
1276 1619 1577 1690 nitenteS,
1624 1637 1872 1696 magnas

179 1704 391 1764 turbas
428 1706 548 1763 imo
598 1717 659 1762 et
706 1703 939 1763 bellum
977 1717 1337 1777 causarunt,
1401 1703 1506 1763 sed
1561 1706 1870 1762 Christia-

175 1817 290 1854 nus
324 1795 449 1851 III.
493 1791 673 1850 brevi
717 1793 922 1851 victor
959 1791 1225 1851 evadens
1261 1794 1572 1868 Hctfniam
1606 1805 1666 1850 et
1700 1794 1874 1851 Mal-

176 1886 448 1959 mogiam
483 1880 688 1939 Urbes
721 1882 992 1964 recepit,
1041 1902 1258 1963 pacem
1290 1881 1534 1940 civibus
1565 1882 1835 1939 restituit
1856 1925 1872 1952 ,

173 1973 506 2054 Episcopos
571 1967 964 2044 deturbavit,
1050 1971 1111 2027 in
1183 1990 1457 2052 quorum
1535 1967 1874 2028 vindictam

173 2059 407 2118 cultum
449 2057 850 2140 Evangelicae
885 2057 1203 2139 religionis
1253 2058 1504 2141 publica
1540 2059 1874 2117 auctorita-

177 2163 237 2207 te
270 2144 654 2219 interduxit,
688 2145 1017 2228 collapsam
1051 2148 1540 2208 Universitatem
1581 2148 1872 2220 restituit,

175 2258 318 2295 cum
379 2236 601 2294 vicinis
659 2234 1047 2317 principibus
1099 2246 1160 2297 et
1211 2235 1567 2294 civitatibus
1623 2232 1874 2294 foedera

174 2326 533 2395 renovavit,
580 2325 795 2404 sicque
834 2336 1118 2382 mortuus
1151 2339 1242 2383 est
1280 2324 1464 2384 1559.

353 2411 625 2472 XXVII.
674 2414 1034 2471 Friclericas
1076 2415 1163 2472 II.
1209 2415 1386 2474 initio
1427 2414 1630 2470 statim
1671 2414 1869 2494 impe-

179 2503 257 2560 iii
299 2501 766 2584 ignominiosam
804 2499 1039 2560 cladem
1076 2515 1275 2562 aetate
1306 2505 1565 2559 Joannis
1602 2502 1761 2582 legis
1808 2502 1871 2556 in

178 2590 508 2651 Ditmalsia
572 2603 886 2673 acceptam
948 2589 1410 2663 vindicaturus,
1461 2589 1691 2650 bellum
1733 2587 1871 2646 Dit-

175 2681 392 2739 marsis
458 2678 701 2751 intulit,
784 2699 970 2761 quarn
1030 2680 1216 2737 etiam
1280 2678 1563 2739 hostilem
1624 2689 1870 2758 gentem

174 2769 353 2829 brevi
398 2724 770 2850 peidomtiit.
840 2765 1074 2827 Bellum
1125 2767 1495 2852 Septennale
1539 2787 1683 2824 cum
1721 2763 1872 2822 Sve-

172 2860 258 2917 cis
296 2856 565 2917 virilitei
599 2870 878 2938 gestum,
951 2856 1195 2915 tandem
1230 2855 1460 2918 celebii
1501 2874 1647 2938 pace
1681 2855 1869 2920 Steti-

167 2950 350 3007 nensi
407 2948 589 3008 1570.
645 2967 762 3029 pro
808 2945 1076 3005 maxima
1130 2946 1452 3008 Danorum
1494 2941 1760 3003 utilitate
1809 2951 1870 3000 et

1587 3030 1783 3114 gloria
