1940 3672
250 158 372 218 540
785 156 1231 215 Historia

156 333 422 392 minium
475 331 625 393 utile
673 333 736 391 in
775 327 958 389 bonis
1008 326 1378 390 Feudalibus
1421 326 1684 388 liberum
1714 347 1853 411 pos-

161 419 364 482 sident
402 436 508 480 aut
548 419 624 478 ad
674 417 965 478 haeredes
1000 420 1457 488 transmittunt,
1504 416 1656 474 nulli
1695 431 1850 475 sunt.

162 511 371 569 Donat
424 508 681 591 quidem
737 526 928 588 pagos
979 518 1040 565 et
1075 527 1253 588 agros
1297 509 1533 563 Czarus
1590 506 1856 562 nonnul—

161 599 256 673 lis,
303 595 408 657 sed
446 596 593 655 dum
630 593 903 654 voluerit
937 591 1146 653 denuo
1178 592 1425 653 adimit:
1473 615 1857 673 consequen-

165 702 261 746 ter
300 684 655 743 absolutum
703 682 1032 764 imperium
1068 678 1251 741 habet
1292 683 1356 738 in
1403 703 1614 741 omnes
1645 679 1857 740 subdi-

165 790 294 848 tOS‚
341 791 691 852 eorumque
738 772 1014 828 omnium
1054 791 1298 844 rerum5
1346 791 1543 851 quare
1589 771 1646 828 ei
1706 767 1855 828 obe-

167 862 400 920 dientia
437 857 729 917 omnibus
769 860 830 916 in
866 857 1051 916 rebus
1097 855 1329 937 absque
1367 857 1492 915 ulla
1525 859 1857 916 recusatio-

164 973 243 1010 ne
288 960 634 1032 praestatur
659 991 675 1020 ,
722 945 1005 1004 voluntas
1037 947 1202 1004 enim
1241 945 1545 1028 Principis
1586 966 1701 1027 pro
1743 945 1858 1004 Dei

164 1037 491 1099 voluntate
540 1033 900 1093 habebatur.
969 1034 1108 1091 Jam
1157 1031 1308 1090 olim
1373 1031 1860 1093 Gubernationis

167 1126 415 1206 negotia
463 1136 525 1183 et
562 1121 830 1203 justitiae
897 1119 1489 1185 administrationem
1549 1122 1692 1180 Dux
1746 1143 1860 1203 per

167 1215 307 1274 XII.
357 1210 754 1272 Consiliarios
802 1209 1038 1270 assidue
1077 1210 1142 1268 in
1191 1207 1327 1267 aula
1375 1208 1603 1268 obibat.
1686 1210 1860 1267 Inter

164 1303 276 1363 hos
338 1298 768 1361 Praefecturae
822 1300 1053 1357 artium
1106 1310 1169 1358 et
1233 1297 1570 1367 Civitatum
1618 1299 1681 1354 in
1727 1310 1860 1355 toto

167 1391 440 1474 Imperio
480 1387 712 1446 divisae
734 1398 897 1460 sunt,
929 1387 1042 1468 qui
1071 1384 1310 1446 libellos
1333 1385 1640 1469 supplices
1676 1386 1859 1443 Prin-

168 1481 292 1564 cipi
335 1477 667 1558 inscriptos
702 1476 1033 1557 accipiunt,
1053 1486 1113 1534 et
1152 1471 1280 1556 ejus
1317 1475 1569 1533 nomine
1599 1493 1860 1556 respon—

164 1568 352 1643 dent3
396 1586 581 1624 manu
641 1565 808 1623 enim
863 1583 970 1622 sua
1019 1561 1214 1620 literis
1270 1561 1659 1621 subscribere
1704 1583 1864 1620 non-

167 1654 463 1717 solebant.
554 1651 748 1734 Leges
816 1651 880 1707 in
932 1662 1066 1709 toto
1105 1650 1380 1731 Imperio
1423 1646 1654 1708 liabent
1710 1651 1860 1707 sim-

165 1744 391 1830 plices,
438 1762 677 1801 summa
707 1739 1071 1820 Principum
1125 1750 1188 1796 et
1231 1734 1704 1817 justissimorum
1752 1733 1863 1793 ho-

168 1835 412 1892 minum
444 1829 757 1910 aequitate
812 1825 1089 1884 conditas
1115 1869 1131 1899 ,
1179 1823 1449 1907 ideoque
1485 1827 1653 1906 genti
1697 1845 1864 1883 sum-

169 1943 273 1981 me
332 1917 657 1988 salutares,
698 1934 795 1974 eas
836 1916 1003 1973 enim
1035 1912 1222 1973 nullis
1279 1911 1732 1972 causidicorum
1766 1933 1866 1970 ca-

170 2004 594 2068 villationibus
650 2003 1047 2083 interpretari
1114 2015 1223 2061 aut
1282 2015 1647 2084 pervertere
1706 2001 1865 2061 licet.

172 2098 267 2156 De
308 2093 586 2177 furibus,
633 2093 902 2151 siccariis
959 2104 1021 2152 et
1066 2089 1438 2149 Latronibus
1491 2089 1867 2172 supplicium

171 2195 457 2258 sumunt3
504 2203 698 2263 quum
729 2176 806 2237 de
848 2179 968 2238 reis
1015 2179 1439 2260 quaestionem
1471 2174 1719 2250 habent,
1762 2197 1866 2237 eos

172 2271 369 2331 multa
403 2267 604 2352 gelida
652 2288 809 2349 aqua
841 2265 1263 2350 perfundunt,
1312 2265 1486 2348 quod
1527 2266 1864 2326 intoleran-

171 2360 321 2418 dum
368 2359 661 2417 tormenti
705 2377 894 2436 genus
933 2376 1058 2415 esse
1101 2354 1307 2414 cuncti
1363 2365 1704 2413 testantur:
1752 2354 1864 2412 ali-

170 2445 420 2530 quando
489 2442 952 2504 contumacibus
1023 2440 1100 2499 ad
1177 2439 1536 2501 eliciendam
1588 2443 1866 2501 criminis

169 2534 618 2596 confessionem
641 2578 656 2607 ,
694 2533 909 2612 ligneis
946 2530 1224 2590 cuneolis
1255 2527 1592 2611 digitorum
1633 2551 1865 2609 ungves

170 2622 624 2684 convelluntur.
673 2621 806 2678 Hac
833 2620 894 2675 in
915 2618 1178 2679 secunda
1196 2616 1462 2701 Epocha,
1485 2618 1687 2677 Status
1703 2619 1865 2677 Rus—

168 2716 294 2772 siae
356 2709 562 2793 quoad
603 2706 869 2768 sormam
908 2707 1227 2791 regiminis
1279 2707 1575 2766 continuo
1609 2713 1862 2765 mortuo

169 2802 400 2882 Magno
437 2796 592 2856 duce
629 2794 991 2855 mutabatur
1047 2797 1096 2854 si
1153 2793 1574 2879 praedicatum
1623 2794 1867 2852 Ducum

165 2886 799 2960 consideraverimus3
848 2886 1051 2967 reipsa
1088 2896 1292 2942 autem
1321 2894 1450 2942 erat
1485 2883 1712 2943 Forma
1745 2883 1870 2942 Re-

167 2977 415 3059 giminis
468 2971 905 3041 Haereditario
935 2974 1294 3047 successiva,
1344 2984 1406 3033 et
1442 2969 1869 3058 praedicatum

1574 3059 1768 3143 potis·-

1934 3002 1940 3088 i
