1940 3672
223 206 350 267 214
749 208 1202 267 Historia

134 379 389 442 Clerum
422 379 810 458 offendisset,
835 404 867 440 a
913 385 1148 441 Ioanne
1170 385 1550 459 Benotsmzio
1589 380 1812 442 Ambi-

134 471 426 570 episcopo
452 471 799 553 Upsaliensi
822 467 898 529 ad
932 493 1192 552 legnum
1214 469 1621 530 abdicandum
1654 492 1823 530 com—

132 556 341 642 pulsus
391 559 455 615 in
508 559 861 617 Boiussiam
923 557 1121 640 fugit,
1199 575 1260 620 et
1316 574 1460 618 tunc
1512 583 1561 624 a
1635 561 1816 619 1457.

141 648 542 704 Christianus
594 645 846 705 Sveciae
887 646 1026 704 Rex
1075 661 1163 705 est
1212 652 1645 729 inaugulatt153
1714 647 1820 705 sed

136 734 320 793 brevi
355 754 610 792 reverso
645 753 786 791 cum
834 735 1029 813 copiis
1071 736 1288 792 Cat-olo
1334 735 1564 794 bellum
1608 755 1825 794 recru-

131 821 268 880 duit
286 866 302 896 7
363 842 688 902 quumque
735 822 1130 879 Christianus
1181 823 1545 883 rebellantes
1596 823 1820 881 Svecos

133 929 514 991 componere
588 907 807 983 vellet,
889 907 965 965 ad
1036 912 1512 970 Stocklzolmiam
1584 912 1781 969 victus
1809 953 1826 984 ‚

135 1008 461 1078 postquam
519 997 1009 1056 Universitatem
1059 997 1455 1059 Hafniensem
1511 997 1824 1057 fundavis-

135 1098 226 1144 set
267 1098 551 1143 mortuus
592 1099 683 1144 est
729 1087 911 1146 1482.
949 1089 1235 1145 successit
1268 1090 1321 1146 ei
1372 1086 1532 1146 filius

311 1173 550 1232 XXIII.
615 1175 882 1231 ,Ioannes
937 1172 1291 1234 deficientes
1343 1174 1570 1235 Svecos
1626 1175 1826 1232 omni-

140 1258 326 1320 mode
365 1261 443 1320 ad
476 1260 895 1321 renovandam
940 1261 1277 1323 Calmariae
1315 1264 1612 1322 unionem
1656 1284 1826 1322 com-

136 1371 389 1410 movere
410 1349 787 1424 conabatur,
826 1352 936 1432 qui
972 1363 1174 1410 tamen
1199 1350 1354 1412 duce
1385 1353 1644 1409 Stenone
1682 1354 1829 1408 Stu-

137 1459 208 1495 re
243 1439 355 1520 qui
403 1440 622 1497 Carolo
670 1450 1038 1499 successerat
1083 1442 1381 1498 continuo
1435 1439 1828 1499 reluctaban-

136 1539 273 1600 tur,
340 1523 539 1587 donec
587 1528 847 1584 Stenone
886 1526 1060 1610 pulso
1098 1528 1378 1587 Sveciam
1416 1529 1477 1586 vi
1519 1528 1634 1586 sibi
1684 1526 1831 1586 suh-

134 1611 407 1697 jecisset3
476 1613 581 1677 sed
620 1614 801 1674 brevi
845 1638 880 1673 a
923 1619 1232 1674 Svantone
1273 1619 1463 1674 Sture
1504 1617 1689 1675 armis
1742 1616 1829 1673 la—

134 1702 421 1777 cessituS‚
468 1702 803 1785 multisque
846 1704 1097 1787 proeliis
1138 1703 1372 1781 victus,
1433 1702 1682 1763 demum
1723 1703 1832 1762 de-

133 1791 405 1850 cretorio
443 1791 682 1874 proelio
716 1789 793 1849 ad
844 1794 1288 1849 Dalekarliatn
1324 1794 1683 1863 commisse,
1733 1793 1832 1849 vi-

137 1892 276 1939 ctor
323 1900 583 1960 regnum
634 1879 886 1939 Sveciae
935 1882 1299 1962 occupavit3
1385 1902 1507 1961 qua
1566 1880 1830 1938 victoria

140 1969 444 2026 animatus
482 1970 791 2039 Ioannes,
860 1967 1224 2027 Ditmarsios
1269 1969 1378 2050 qui
1426 1967 1828 2028 Holsatorum

141 2057 406 2138 imperio
446 2077 509 2116 se
558 2055 915 2116 eximebant
979 2055 1307 2139 subjugare
1346 2056 1659 2129 tentabat,
1721 2077 1832 2115 ve-

138 2165 281 2202 rum
315 2143 393 2202 ab
421 2146 491 2204 iis
520 2158 686 2203 tanta
710 2143 881 2205 clade
919 2145 1168 2204 affectus
1207 2159 1329 2219 est,
1379 2156 1448 2202 ut
1480 2144 1606 2227 ipse
1645 2165 1828 2225 aegre

135 2229 282 2313 fuga
322 2234 514 2291 vitam
561 2231 799 2292 salvare
832 2247 1106 2316 poterat3
1168 2232 1474 2291 infelicem
1522 2231 1665 2292 belli
1702 2234 1833 2291 exi-

138 2331 275 2379 tum
307 2320 485 2380 Sveci
521 2318 905 2381 inaudientes
932 2342 1078 2379 mox
1111 2318 1315 2380 denuo
1347 2322 1409 2377 in
1447 2343 1656 2402 regem
1684 2342 1832 2379 con-

138 2422 516 2468 sur-exerunt
541 2453 557 2483 ‚
619 2430 776 2492 quos
812 2412 1079 2467 Joannes
1120 2407 1282 2468 bello
1328 2429 1470 2467 cum
1508 2408 1834 2468 Lubecen-

140 2496 308 2555 sibus
351 2495 651 2557 distentus
698 2499 759 2555 in
806 2497 1086 2558 ordinem
1124 2496 1410 2580 redigere
1443 2518 1569 2556 non
1612 2498 1829 2579 potuit.

142 2583 436 2644 Mortuus
488 2599 593 2644 est.
651 2586 833 2646 1515.

316 2673 552 2733 XXIV.
612 2676 1008 2732 Christianus
1054 2676 1140 2731 II.
1189 2672 1352 2733 bello
1405 2686 1622 2731 contra
1682 2672 1836 2731 Sve-

143 2780 248 2821 cos
291 2762 649 2823 continuato
688 2762 951 2823 feliciter
997 2763 1275 2821 Sveciam
1317 2762 1680 2842 occupavit,
1728 2782 1835 2819 eo-

141 2872 289 2908 rum
371 2849 593 2910 ducem
665 2856 986 2910 Stenonem
1075 2854 1395 2908 Juniorem
1463 2848 1835 2922 trucidavit,

142 2950 341 3020 utque
391 2961 603 2999 omnes
638 2939 1053 3001 rebellionum
1091 2960 1318 2999 nervos
1355 2938 1667 2999 succidere
1694 2958 1833 3017 pos-

142 3026 258 3101 δὴ)
305 3030 629 3087 Holmiam
678 3030 880 3089 victor
927 3031 1205 3106 intrans„
1278 3029 1635 3089 solemniter
1677 3024 1828 3085 Sve-

1614 3134 1744 3172 ciae
