1940 3672
629 171 1095 224 Svecorzcm.
1525 166 1651 224 259

70 351 197 409 lum
246 348 453 407 Russis
496 341 820 402 infeliciter
858 339 1090 398 illatum
1129 353 1267 423 post
1287 340 1593 398 sinistram
1620 365 1746 424 pit-2

62 461 246 521 gnam
309 434 384 493 ad
447 432 1052 489 Wlmcmscrandzcm
1105 429 1537 502 commissam,
1593 451 1745 511 pace

63 529 277 586 Abone
311 520 653 618 composuit
707 519 890 576 1745.
944 518 1088 576 Post
1140 514 1285 575 haec
1345 518 1739 576 inclementis

63 617 156 673 rei
190 608 494 670 liteiaiiae
525 604 854 664 salubriter
885 618 1282 687 prospectum
1316 617 1437 680 est,
1475 626 1588 663 rex
1625 627 1743 664 ve-

63 724 135 760 ro
182 698 340 758 obiit
387 695 571 752 1751.

218 784 542 857 Adolplzus
588 783 945 839 Friclericas
970 780 1306 863 Episcopus
1343 780 1743 851 LubecenSiS,

63 896 138 933 ex
183 869 414 929 familia
454 870 699 928 Ducum
745 868 1055 927 Holsatiae
1094 882 1308 941 natus,
1353 871 1503 928 vivo
1544 867 1741 927 adhuc

60 961 400 1018 Frislerico
425 960 476 1016 I.
527 960 589 1015 in
631 956 895 1039 publicis
928 957 1207 1015 Comitiis
1240 976 1550 1016 successor
1584 956 1745 1017 desi-

59 1060 278 1130 gnatus
310 1045 426 1104 fuit
451 1070 465 1120 3
490 1043 662 1127 cujus
698 1048 973 1126 regimen
995 1057 1267 1102 statuum
1290 1042 1608 1104 discordiis
1631 1045 1748 1103 mi-

60 1157 175 1194 nus
223 1136 506 1215 quietum
539 1148 708 1193 erat:
753 1132 1111 1215 praevalens
1162 1135 1325 1192 enim
1365 1131 1549 1192 factio
1587 1133 1748 1214 opti-

60 1247 155 1282 ma
196 1225 378 1281 etiam
424 1221 606 1304 plana
656 1225 816 1303 regis
836 1219 1200 1280 subvertere
1236 1221 1571 1296 nitebatur,
1597 1220 1742 1279 hinc

61 1311 532 1393 Magistratuum
577 1312 909 1367 auctoritas
941 1308 1274 1390 vilipensa,
1338 1309 1531 1389 Regia
1592 1331 1746 1368 vero

61 1412 322 1482 potestas
358 1398 648 1457 subversa
686 1411 833 1457 erat:
882 1418 1070 1478 quam
1105 1395 1319 1455 Comes
1358 1399 1579 1454 Bralze
1609 1399 1749 1454 vin-

61 1488 266 1545 dicare
304 1485 535 1557 volenS,
579 1486 749 1546 velut
793 1484 1092 1544 libertatis
1124 1483 1409 1564 proditor
1441 1485 1749 1567 supplicio

61 1576 309 1634 affectus
336 1619 350 1646 ,
389 1576 570 1633 1757.
615 1597 809 1656 quum
829 1595 942 1632 rex
973 1570 1204 1630 nullam
1238 1594 1406 1654 spem
1444 1572 1757 1654 tranquil-

63 1664 248 1722 litatis
288 1661 678 1736 observaret,
725 1663 1087 1745 praesertim
1118 1662 1286 1742 quod
1321 1674 1562 1720 senatus
1602 1683 1751 1720 con-

64 1764 159 1809 tra
201 1753 491 1810 Borussos
530 1752 713 1810 etiam
755 1751 953 1808 invito
993 1770 1139 1829 rege
1177 1748 1476 1807 auxilium
1523 1748 1748 1810 decre-

66 1841 288 1913 visset3
335 1836 507 1918 cujus
545 1842 638 1897 rei
666 1837 1028 1918 indignitate
1061 1850 1263 1895 motus
1287 1840 1604 1913 Adolplzzcs
1647 1860 1752 1897 re—

64 1948 188 2008 gno
224 1948 285 1986 se
322 1925 663 1995 abdicavit,
733 1925 916 1984 1769.
972 1927 1078 2006 qui
1136 1923 1339 1983 denuo
1386 1941 1751 2000 revocatuS,

63 2015 208 2073 licet
245 2013 320 2073 de
353 2012 616 2072 factiosis
651 2011 1026 2096 supplicium
1067 2010 1280 2073 fuisset
1317 2028 1608 2088 sumtum,
1649 2013 1755 2072 de-

65 2100 393 2162 sideratam
430 2115 633 2161 tamen
672 2122 882 2184 pacem
918 2122 1110 2182 regno
1135 2103 1462 2162 restituere
1495 2125 1618 2162 non
1640 2124 1755 2186 po-

67 2192 216 2267 tuit,
257 2191 436 2250 brevi
474 2191 636 2249 enim
672 2200 952 2248 mortuus
1000 2203 1088 2249 est
1140 2192 1321 2249 1771.

232 2282 554 2336 Get-stemus
595 2280 722 2338 III.
768 2275 1043 2337 defuncti
1077 2275 1236 2338 filius
1267 2301 1298 2336 a
1335 2277 1572 2338 Comite
1604 2279 1755 2335 Fes-

69 2369 166 2424 sin
201 2370 435 2448 optime
476 2364 808 2438 educatus,
863 2387 1061 2447 quum
1123 2365 1506 2426 observasset
1555 2366 1753 2426 Nobi-

67 2455 216 2513 lium
254 2470 315 2513 et
335 2455 581 2513 Civium
609 2456 1032 2513 contentiones
1055 2454 1315 2538 amplius
1349 2455 1596 2538 augeri,
1643 2478 1755 2538 po-

67 2543 249 2601 liticis
284 2541 501 2602 mediis
536 2541 825 2601 factiones
856 2541 1113 2602 sufferre
1130 2543 1378 2618 statuit3
1425 2544 1535 2624 qui
1569 2564 1755 2624 agen-

72 2645 134 2689 te
165 2633 484 2688 Hellz'clzz'o
519 2651 808 2712 supremo
832 2629 1102 2688 militum
1126 2630 1298 2705 duce,
1325 2653 1533 2691 omnes
1566 2632 1755 2689 Sena-

71 2730 238 2776 tores
272 2719 531 2799 Regiam
577 2729 935 2800 potestatem
973 2721 1213 2800 penitus
1243 2718 1610 2778 subvertere
1651 2740 1755 2777 co-

74 2816 291 2864 nantes
327 2808 391 2863 in
441 2807 683 2864 vincula
718 2803 1013 2887 conjecit,
1061 2818 1122 2865 et
1165 2808 1348 2865 1772.
1386 2806 1447 2864 in
1472 2807 1753 2869 Comitiis

76 2915 303 2950 novam
352 2896 671 2974 regiminis
750 2892 1011 2952 formam
1085 2896 1321 2966 sanxit,
1382 2914 1755 2976 omnemque

80 2981 483 3045 mutationem
524 2981 731 3043 triduo
777 2982 907 3043 sine
942 2982 1112 3044 omni
1145 2980 1502 3045 crudelitate
1550 2982 1753 3065 perfe<

1539 3083 1624 3131 clt
1646 3097 1662 3150 3
