1940 3672
86 244 365 323 desiae
413 244 880 319 Christianae
937 235 1387 311 incunabula
1460 238 1772 332 inspice-

82 389 284 458 cere‚
322 362 646 459 hincque
701 381 1082 455 assurgere
1118 355 1297 425 licet
1348 350 1446 424 ad
1504 353 1777 422 Summi

80 483 427 553 Numinis
454 474 972 550 admirabilem
995 470 1552 544 Providentiam
1575 524 1595 551 ,
1628 472 1780 564 qua

82 598 407 694 Imperia
444 609 520 665 et
555 595 818 689 Regna
860 589 955 658 de
1010 588 1252 663 Gente
1305 585 1405 656 ad
1463 585 1783 655 Gentem

85 712 187 782 ob
205 714 675 808 Impietatem
699 762 720 790 ‚
751 706 1223 802 Injustitiam,
1262 704 1683 773 Avaritiam
1706 715 1782 771 et

81 827 511 900 Libidinem
553 817 1073 894 transferendo
1113 818 1478 916 gubernat
1505 874 1526 902 ‚
1599 843 1783 915 pro-

84 943 262 1015 vide
281 938 714 1037 exemplum
736 936 1098 1008 Gentibus
1116 935 1568 1032 relinquens:
1601 933 1785 1030 quid

85 1061 416 1141 imitari,
468 1054 651 1153 quid
685 1054 986 1151 fugere,
1041 1051 1226 1144 quid
1262 1055 1514 1121 mirari
1560 1049 1782 1120 dehe-

89 1175 269 1245 ant!
315 1172 548 1270 Igitur
590 1196 741 1241 non
790 1184 946 1240 tam
992 1169 1403 1239 Historiam
1454 1166 1784 1262 qualem-

91 1314 389 1387 cunque
416 1343 437 1372 ,
472 1276 611 1360 sed
641 1284 926 1358 realem
964 1284 1249 1382 Optimi
1298 1295 1375 1352 et
1415 1283 1599 1353 Justi
1638 1283 1787 1351 Ho-

89 1409 312 1477 minis
367 1404 913 1475 Institutionem
974 1404 1054 1469 in
1116 1399 1458 1470 Sacratas
1513 1399 1791 1469 ILLU-

90 1518 616 1596 STRITATIS
677 1515 960 1588 TUAE
1015 1517 1284 1587 Manus
1342 1514 1612 1586 offero!
1686 1539 1786 1586 ex

93 1641 304 1737 cujus
341 1635 666 1712 lectione
715 1636 952 1702 omnis
1005 1630 1343 1702 discedet
1392 1629 1657 1700 melior
1712 1642 1789 1698 et

88 1753 559 1853 prudentior,
611 1747 1039 1845 deligetque
1082 1771 1269 1843 quos
1301 1746 1488 1819 velit
1509 1761 1585 1817 et
1620 1768 1785 1843 pos-

90 1875 187 1944 sit
220 1871 572 1942 continuo
603 1867 876 1934 imitari
918 1866 1316 1960 sapienter.

258 1989 297 2058 J
304 2012 424 2057 am
526 1982 700 2055 talis
833 1980 1193 2052 Salutaris
1297 1980 1789 2050 Institutionis

97 2104 395 2178 TUUM
427 2101 487 2171 F
492 2102 689 2170 ronti
731 2095 1151 2195 praefixum
1177 2096 1471 2166 Nomen
1493 2098 1657 2191 quis
1684 2094 1786 2164 le-

96 2223 269 2320 get?
305 2222 484 2316 quin
518 2213 815 2287 Laudes
847 2227 922 2283 et
960 2215 1289 2282 omnium
1320 2213 1523 2281 Vota
1562 2235 1785 2280 exae-

99 2351 337 2436 quent
381 2389 402 2418 ‚
475 2333 1127 2429 Eloquentiaeque
1226 2332 1425 2399 vires
1515 2326 1793 2400 exhau-

99 2456 332 2524 riant!
360 2451 523 2523 Nec
547 2451 946 2519 immerito:
985 2443 1302 2516 defluxit
1328 2448 1525 2513 enim
1553 2446 1631 2512 in
1658 2442 1812 2512 TE-

103 2568 311 2641 haud
359 2573 774 2662 interrupta
840 2566 1029 2634 serie
1108 2563 1403 2655 sanguis
1463 2559 1796 2628 Heroum

104 2683 534 2784 purissimus
558 2739 579 2768 ,
629 2696 711 2751 ut
741 2683 801 2751 si
838 2693 1116 2760 cetera,
1143 2675 1410 2772 quibus
1453 2674 1586 2742 TE
1618 2676 1792 2742 emi-

109 2807 391 2875 minere
417 2803 860 2897 suspicimus
898 2803 1336 2865 ornamenta
1399 2789 1796 2871 abessent;

1593 2928 1701 2975 so-
