1940 3672
295 164 420 228 534
832 163 1278 222 Historia

191 346 265 407 lis
318 344 437 406 fuit
470 355 650 406 antea
705 342 1046 402 Moschkva
1095 344 1316 428 insigni
1374 337 1696 402 fluminum
1736 331 1869 405 fre--
1936 341 1937 375 ἶ

184 436 437 519 quentia
471 431 771 502 celebris9
808 433 900 488 uti
941 445 1004 491 et
1047 431 1375 492 domorum
1428 429 1868 514 amplitudine,

185 543 449 584 numero
496 534 558 580 et
611 518 768 576 arcis
801 518 1065 592 robore,
1127 520 1296 582 sedes
1363 518 1462 578 hic
1522 532 1613 579 est
1667 520 1871 578 Patri-

185 608 448 683 archae‚
495 605 644 666 olim
680 618 742 665 et
791 607 1004 688 Magni
1049 609 1234 668 Ducis
1270 610 1463 691 Regia
1494 629 1505 665 :
1546 604 1731 667 hodie
1763 629 1872 666 au-

192 713 317 759 tem
365 693 739 777 metropolis
771 695 1026 754 Russiae
1063 709 1155 755 est
1195 698 1542 774 Petropolc's
1586 716 1621 752 a
1682 697 1869 753 Petro

188 790 280 845 M.
332 782 408 843 ad
447 786 650 843 sinum
688 781 1146 864 maris‚ligneis
1195 785 1259 841 in
1302 783 1719 844 fundamentis
1759 804 1874 866 po—

183 876 295 933 sita
317 918 332 946 ‚
382 893 540 954 quae
574 891 783 930 omnes
817 869 961 929 alias
997 871 1252 931 Russiae
1285 873 1470 934 urbes
1505 868 1866 954 splendore,

182 960 434 1034 divitiis,
454 959 689 1018 artibus
724 971 785 1018 et
809 972 1156 1018 mercatura
1184 976 1447 1042 superat.
1470 956 1865 1019 Moschoviae

183 1052 384 1111 Duces
419 1046 543 1131 jam
585 1046 732 1106 olim
775 1048 837 1104 in
889 1068 1101 1107 omnes
1132 1045 1227 1130 jus
1263 1050 1427 1110 vitae
1464 1061 1524 1109 et
1569 1047 1734 1107 necis
1757 1042 1868 1104 ha-

180 1138 446 1210 bebant,
506 1155 778 1218 quorum
824 1136 1149 1215 opiniones
1204 1137 1390 1196 etiam
1443 1138 1508 1194 in
1561 1135 1865 1216 religione

187 1225 574 1287 habebantur
648 1244 765 1306 pro
825 1221 1066 1304 legibus
1122 1224 1612 1283 immutabilibus
1647 1267 1662 1296 ‚
1722 1220 1866 1281 hinc

186 1314 470 1375 voluntas
509 1311 816 1394 Principis
855 1324 988 1371 erat
1034 1311 1138 1372 lex
1189 1326 1314 1372 tam
1375 1311 1539 1395 apud
1585 1310 1870 1394 politicos

188 1425 379 1486 quam
427 1399 918 1473 Ecclesiasticos‚
965 1421 1120 1481 quos
1189 1399 1515 1460 durissima
1567 1400 1871 1459 servitute

181 1493 298 1552 sibi
351 1486 658 1570 subjectos
695 1487 1003 1548 tenebant.
1094 1489 1253 1547 Sunt
1302 1501 1549 1571 praeter
1580 1485 1866 1547 Moscho-

189 1582 356 1639 viam
393 1579 580 1637 etiam
619 1575 774 1635 aliae
816 1574 1001 1636 urbes
1026 1621 1043 1650 ,
1089 1589 1152 1636 et
1190 1576 1444 1658 quidem
1487 1574 1640 1635 duae
1674 1571 1871 1633 Archi

185 1664 578 1751 Episcopales
639 1665 727 1722 uti
771 1666 1073 1721 Bostovicz
1118 1676 1180 1724 et
1227 1666 1660 1742 Novogroclia‚
1707 1676 1769 1722 et
1804 1684 1870 1719 a-

187 1756 303 1817 liae
344 1754 580 1819 XVIII,
618 1753 1016 1834 Episcopatus
1052 1750 1350 1834 dignitate
1399 1750 1655 1810 nobiles,
1702 1747 1870 1809 Mul-

183 1859 281 1904 tae
323 1844 577 1925 insuper
615 1841 924 1921 Regiones
974 1837 1097 1921 jam
1138 1838 1286 1899 olim
1328 1840 1555 1921 Magno
1599 1839 1755 1897 Duci
1794 1835 1870 1895 ad

184 1931 710 2016 septemtrionem
749 1941 1071 2011 porrectae
1126 1939 1304 1988 erant
1357 1926 1699 2009 vectigales,
1748 1926 1868 1985 La·-

185 2043 295 2080 cus
338 2018 518 2077 multi
553 2030 615 2077 et
654 2017 861 2098 magni
902 2030 1084 2089 sunt,
1135 2018 1228 2075 uti
1279 2017 1516 2090 Ilmen,
1588 2017 1869 2093 Ladoga.

182 2108 388 2169 Fluvii
444 2108 628 2167 etiam
666 2104 856 2187 ampli
900 2107 992 2164 uti
1029 2106 1438 2162 Boristlzenes
1484 2123 1593 2171 seu
1637 2105 1867 2180 Nieper

184 2210 247 2260 et
309 2199 638 2272 Dnieper,
714 2196 1031 2253 Tarantas
1095 2215 1200 2253 seu
1263 2195 1548 2264 Divina,
1621 2193 1867 2270 Volga‚

195 2288 430 2345 Tanais
476 2297 590 2344 etc.
670 2281 878 2342 Habet
920 2294 1157 2341 montes
1198 2281 1714 2339 nominatissimos
1756 2282 1870 2337 Ri-

177 2376 454 2451 phaeae,
517 2372 584 2452 a)
652 2372 762 2452 qui
804 2370 1116 2452 perpetuis
1175 2368 1424 2427 nivibus
1474 2367 1658 2442 tecti,
1700 2380 1872 2426 tran-

185 2463 293 2522 siri
343 2459 521 2520 facile
574 2482 699 2519 non
750 2468 1019 2541 possunt.
1110 2455 1280 2515 Silva
1341 2457 1674 2532 Hercynia
1740 2477 1869 2513 ma—

194 2572 372 2608 Ornam
398 2544 764 2608 Mochoviae
803 2559 1043 2628 partem
1084 2559 1342 2627 occupat
1363 2590 1378 2619 ,
1405 2540 1700 2627 quaejam
1734 2541 1871 2601 lon—

187 2596 263 2698 Ξ,ο
317 2636 640 2697 hominum
676 2634 890 2698 labore
932 2635 1138 2693 rarior
1185 2631 1340 2693 facta
1364 2679 1381 2708 ,
1420 2634 1633 2716 positis
1679 2633 1866 2690 etiam

184 2686 221 2722 ιο

1614 2719 1781 2781 aedi«

250 2918 322 2984 a)
360 2917 439 2968 De
477 2914 672 2986 quibus
711 2912 942 2965 Plinius
993 2914 1054 2966 L.
1090 2912 1138 2966 4.
1178 2933 1225 2970 c.
1263 2910 1344 2965 12.
1385 2912 1650 2980 Pompon.
1700 2907 1864 2960 Mela.
1896 2874 1904 2880 ἢ

333 2988 396 3112 {H
424 2984 1014 3110 g’iiarffiffilffissfloem
1045 2986 1157 3056 agit
1187 2985 1325 3038 Baro
1362 2983 1429 3035 ab
1466 2978 1860 3037 Herberscec’n.
