1940 3672
273 197 353 259 52
804 199 1238 258 Historia

178 386 270 440 nii
329 380 667 441 Cardinalis
709 382 1104 464 relinquenS,
1168 382 1296 464 ipse
1334 391 1550 441 exacto
1608 380 1704 439 42.
1759 403 1868 439 ana

174 493 401 531 norum
439 473 740 550 regimine
785 471 942 530 obiit
1001 471 1183 530 1516.

338 560 412 616 II.
473 562 733 617 Carolus
780 561 830 615 I.
887 559 1273 614 Ferclinancli
1325 557 1631 614 Catholici
1675 578 1752 615 ex
1789 553 1862 614 fi-

177 647 259 705 lia
308 668 530 728 nepos,
597 645 714 703 fuit
764 647 828 701 in
882 645 1130 727 Europa
1194 646 1649 726 potentissimus
1701 666 1853 716 reX,

175 750 238 796 et
283 737 468 794 etiam
513 734 877 793 Germaniae
937 735 1282 813 Imperator
1336 735 1586 792 nomine
1655 734 1866 789 Caroli

184 827 259 882 V.
309 824 417 903 qui
481 822 812 879 maximam
866 821 1030 878 vitae
1088 833 1331 902 partem
1379 824 1441 878 in
1494 822 1862 904 peregrina-

176 913 347 987 tione
394 923 456 969 et
495 907 673 969 bellis
725 910 1134 988 consumpsit3
1181 909 1289 989 qui
1329 909 1410 967 ob
1462 912 1717 968 nimiam
1753 929 1866 990 po-

177 1000 435 1058 tentiam
481 999 595 1057 toti
639 997 924 1078 Europae
975 994 1385 1057 formidabilis
1449 1019 1575 1057 esse
1622 999 1865 1079 coepit,

172 1109 313 1144 nam
364 1099 614 1168 praeter
674 1085 1069 1166 Hispaniam,
1116 1084 1504 1158 Americam,
1553 1099 1614 1144 et
1656 1082 1866 1144 haere-

175 1173 403 1234 ditario
472 1171 609 1256 jure
667 1187 942 1255 acceptas
1007 1175 1100 1231 17.
1153 1172 1421 1254 Belgioas
1473 1187 1534 1231 et
1581 1173 1867 1253 Burgun-

177 1261 343 1322 dicas
411 1263 805 1345 provincias,
878 1263 1062 1321 etiam
1125 1258 1534 1344 Imperatoria
1603 1259 1866 1342 dignitas

182 1353 368 1413 1519.
415 1352 472 1411 ei
518 1348 717 1410 delata
750 1362 872 1422 est,
919 1351 1018 1407 cui
1063 1352 1328 1409 nascenti
1368 1350 1680 1433 potentiae
1718 1370 1866 1408 mox

176 1440 424 1521 egregie
483 1460 547 1498 se
582 1439 871 1520 opposuit
918 1439 1300 1497 Francisezcs
1341 1439 1386 1497 I.
1435 1437 1671 1497 Galliae
1703 1438 1863 1512 Rex,

170 1527 278 1587 sed
334 1549 527 1609 quum
579 1527 832 1608 Papiam
889 1539 951 1586 et
1018 1524 1436 1586 Mediolanum
1516 1524 1867 1599 obsideret,

174 1619 498 1675 commisso
521 1614 870 1674 decretorio
903 1613 1142 1698 proelio
1175 1618 1373 1674 victus
1404 1629 1465 1675 et
1503 1617 1629 1696 ipse
1658 1617 1869 1671 Fran-

176 1707 376 1762 eisezcs
424 1706 488 1761 in
545 1703 906 1785 Hispaniam
965 1704 1054 1782 (ι)
1099 1707 1379 1784 captivus
1436 1705 1619 1764 1522.
1667 1700 1862 1760 abdu-

170 1806 336 1867 ειυς,
384 1792 628 1850 nonnisi
675 1789 1019 1848 durissimis
1080 1790 1543 1850 conditionibus
1608 1789 1866 1849 liberta-

174 1895 299 1941 tem
358 1881 754 1962 recuperavit
790 1901 857 1938 ea
896 1878 1059 1960 lege:
1109 1892 1178 1936 ut
1214 1881 1517 1937 Ducatum
1565 1879 1857 1960 Burgun-

175 1968 312 2028 diae
356 1970 581 2027 victori
636 1969 858 2024 carolo
905 1965 1214 2042 traderet,
1262 1965 1585 2026 Flandriae
1641 1981 1704 2027 et
1733 1967 1856 2025 Ar-

173 2056 420 2129 taefiae,
467 2057 765 2137 omnique
804 2053 928 2137 juri
977 2053 1146 2137 quod
1201 2058 1265 2114 in
1311 2054 1733 2116 Mediolanum
1794 2068 1856 2114 et

170 2143 500 2227 Neapolim
529 2143 785 2204 haberet
822 2146 1253 2218 renunciaret,
1295 2159 1356 2205 et
1384 2143 1542 2204 filios
1574 2165 1713 2203 suos
1744 2144 1858 2203 ob-

168 2232 328 2293 sides
358 2232 548 2293 daret.
642 2234 933 2292 Ceterum
955 2231 1230 2292 libertati
1265 2235 1618 2306 restitutus,
1665 2233 1857 2292 socie-

171 2336 294 2382 tate
341 2343 482 2379 cum
532 2320 795 2402 Anglis,
841 2320 1125 2395 VenetiS,
1173 2322 1474 2382 Helvetiis
1506 2336 1568 2381 et
1599 2321 1856 2379 Floren-

169 2411 317 2469 tinis
362 2411 546 2481 inita,
593 2431 762 2467 arma
808 2431 1155 2483 resumenS,
1201 2410 1604 2492 aequioribus
1638 2406 1854 2467 eondi-

172 2497 447 2558 tionibus
498 2497 680 2558 1529.
741 2519 956 2578 pacem
1013 2496 1301 2557 obtinuit.
1350 2501 1504 2558 Cum
1566 2521 1688 2580 que
1741 2496 1856 2554 du-

169 2586 454 2645 lantibus
510 2582 600 2643 his
647 2584 824 2645 bellis
894 2585 1179 2660 Gallicis,
1231 2588 1584 2646 Romanum
1642 2587 1854 2644 Ponti—

170 2674 348 2734 ficem
412 2677 776 2732 Clementem
843 2677 995 2734 VII.
1043 2674 1366 2734 conatibus
1404 2674 1770 2734 adveisari
1756 2696 1852 2730 m-

166 2762 505 2845 telligeret,
550 2763 813 2822 Romam
851 2786 994 2823 eum
1044 2767 1321 2823 exercitu
1355 2763 1702 2845 profectuS,
1742 2784 1850 2819 ur-

169 2850 250 2913 be
295 2851 571 2933 direpta,
648 2850 1007 2912 Pontificem
1046 2853 1108 2910 in
1143 2853 1307 2914 Arce
1354 2853 1412 2912 S.
1460 2849 1689 2933 Angeli
1739 2850 1851 2909 ob—

1540 2961 1770 3002 sessum

236 3110 306 3173 a)
348 3108 468 3163 vide
497 3110 554 3167 iu
590 3108 747 3164 Rom.
786 3109 968 3163 Germ.
1003 3111 1264 3183 Imperio,
