1940 3672
218 235 340 294 152
749 236 1198 295 Historia

117 428 183 468 se
214 427 329 468 rex
381 408 675 471 adversus
728 411 1079 469 Lutlzerum
1122 411 1184 470 in
1221 407 1500 469 favorem
1538 404 1797 466 Pontifi-

113 497 201 555 cis
255 497 521 558 Romani
560 498 835 559 scribens
881 499 1128 559 titulum
1186 499 1549 574 Defensori-s
1623 497 1799 554 Fidei

114 584 428 659 obtinuit,
466 608 613 646 mox
657 599 860 646 tamen
911 586 991 647 ab
1046 587 1311 647 Ecclesia
1357 588 1637 646 Romana
1692 584 1799 641 de-

118 669 325 731 ficiens
344 715 360 743 ‚
383 695 447 730 se
462 695 814 749 supremum
838 676 1045 748 Caput
1071 677 1387 734 Ecclesiae
1404 675 1799 751 Angliccmae

113 758 361 818 salutari
396 757 602 841 jussit,
632 781 706 820 eo
735 758 903 841 quod
934 785 968 819 a
1004 761 1292 823 Pontifice
1330 762 1414 823 ob
1451 761 1793 820 divortium

111 851 681 907 excommunicatus
715 861 868 907 esset
916 850 982 929 a)
1027 852 1437 908 Gathar-inam
1482 849 1799 908 dimitten—

109 935 226 1008 do,
262 955 331 993 ac
381 937 636 995 Annam
688 938 1020 995 Boleniam
1064 940 1461 998 matrimonio
1498 937 1617 996 sihi
1652 934 1799 1018 jun-

111 1021 349 1104 gendo,
382 1037 444 1085 et
480 1047 558 1086 ex
592 1048 664 1086 ea
716 1038 922 1085 natam
969 1027 1405 1084 Elisabetham
1461 1023 1795 1085 haeredem

111 1113 289 1193 regni
328 1113 742 1185 nominando,
779 1114 962 1174 1554.
1014 1114 1180 1174 Hinc
1232 1136 1468 1174 novum
1527 1113 1644 1172 sibi
1704 1133 1802 1192 sy-

112 1213 302 1260 stema
342 1201 682 1283 Religionis
710 1200 1039 1262 fabricavit
1070 1224 1193 1262 non
1227 1201 1484 1286 quidem
1507 1200 1584 1260 ad
1623 1223 1802 1260 ever-

115 1287 297 1348 tenda
339 1287 481 1348 fidei
521 1289 844 1371 dogmata,
884 1290 989 1351 sed
1042 1293 1222 1350 unice
1258 1306 1328 1352 ut
1376 1289 1606 1350 abolita
1637 1290 1803 1348 Pon-

113 1374 292 1435 tificis
349 1392 685 1461 potestate,
747 1401 1107 1464 supremum
1164 1380 1281 1440 sibi
1334 1382 1396 1441 in
1457 1380 1642 1438 sacris
1689 1379 1803 1436 im-

114 1467 360 1549 perium
398 1466 777 1542 vindicaret3
814 1490 1013 1551 quare
1055 1466 1345 1528 ordinum
1378 1468 1555 1549 regni
1584 1465 1802 1525 decre-

115 1568 178 1613 to
204 1597 220 1626 ,
261 1557 694 1615 auctoritatem
740 1553 1119 1615 Pontificiam
1167 1579 1281 1640 per
1321 1578 1584 1638 regnum
1612 1553 1804 1614 abro-

111 1644 312 1724 gavit,
350 1645 532 1724 eique
571 1644 881 1704 tributum
930 1667 1207 1705 annuum
1261 1643 1621 1726 denegavit,
1658 1643 1796 1701 Mo-

109 1728 334 1790 nachos
381 1731 593 1814 ejecit,
643 1746 706 1792 et
752 1755 973 1793 eorum
1024 1732 1325 1792 coenobia
1362 1735 1424 1792 in
1469 1731 1791 1814 lupanaria

114 1821 458 1895 convertit3
491 1820 860 1882 reluctantes
895 1819 1013 1879 sibi
1034 1842 1322 1903 proceres
1366 1834 1428 1879 et
1447 1821 1804 1902 Episcopo&

113 1908 204 1966 uti
267 1910 561 1967 Thomam
608 1912 864 1968 Moram
911 1909 1112 1992 Regni
1166 1907 1653 1982 Cancellarium‚
1699 1908 1804 1963 Jo-

115 2018 336 2053 atmem
375 1999 743 2056 Fischemm
787 1997 1145 2058 Roffensem
1178 1998 1552 2081 Episcopum
1616 1995 1804 2062 1555,

113 2086 334 2167 capitis
386 2085 690 2168 supplicio
758 2085 976 2146 affecit.
1067 2088 1327 2145 Interim
1379 2107 1497 2170 pro
1554 2105 1805 2143 conser-

116 2172 315 2231 vanda
356 2173 658 2234 Ecclesiae
691 2173 1072 2256 Anglicanae
1116 2177 1472 2257 integritate
1518 2174 1800 2232 Hem-ico

117 2261 275 2342 Regi
318 2273 565 2320 mortuo
615 2265 902 2324 successit
947 2266 1173 2322 ῘΠανία
1221 2276 1360 2344 post
1402 2263 1805 2348 impuberem

115 2352 480 2408 Eduardam
539 2349 832 2427 fratrem,
900 2373 1062 2433 quae
1121 2352 1411 2427 Philippo
1471 2350 1800 2432 Hispania-

113 2460 257 2496 rum
296 2440 572 2522 Principi
614 2454 842 2523 nupta,
874 2439 1154 2499 Romana
1202 2439 1420 2511 Sacra,
1463 2437 1800 2522 pontificis-

120 2549 244 2608 que
290 2530 719 2588 auctoritatem
771 2529 1059 2587 restituit.
1152 2528 1390 2587 Verum
1443 2550 1511 2588 ea
1546 2540 1798 2585 mortua

114 2614 292 2675 facile
363 2618 731 2674 Elisabetha
790 2615 920 2699 ejus
987 2637 1297 2676 successor
1358 2615 1672 2700 perfecit,
1733 2626 1803 2671 ut

1532 2725 1716 2787 plae-

183 2825 258 2886 a)
300 2821 516 2873 Thuan.
555 2824 618 2875 L.
654 2821 701 2874 1.
739 2842 792 2894 p.
827 2822 913 2880 23.
939 2825 1037 2877 Sar
1046 2825 1180 2893 pius.
1226 2844 1280 2895 p.
1315 2822 1397 2875 77.
1432 2841 1543 2893 seq.
1575 2824 1797 2876 Burnet.

253 2893 316 2944 L
368 2892 419 2948 2.
471 2911 521 2961 p.
576 2891 691 2945 189.
741 2912 849 2984 seq.
897 2895 1135 2947 Sleidan.
1165 2897 1225 2947 L.
1264 2894 1316 2948 9.
1362 2914 1414 2964 p.
1453 2894 1537 2946 99.
1576 2911 1696 3015 sec&
1726 2893 1799 2946 du

256 2967 427 3016 Mont.
465 2965 531 3015 T.
570 2962 618 3015 4.
656 2964 710 3015 P.
760 2965 807 3015 2.
848 2985 903 3035 p.
947 2964 1062 3018 138.
1113 2985 1224 3035 seq.
1280 2966 1471 3016 llume.
1537 2964 1593 3020 Γ.
1747 2983 1800 3032 p.

259 3033 378 3087 203.
418 3034 644 3089 -214
681 3035 1002 3106 Chytraeus.
1059 3056 1112 3108 p
1153 3034 1796 3107 3:33.Rapin'sho31as,

256 3106 324 3158 ’1.
358 3109 406 3157 5.
444 3125 498 3175 p.
534 3104 651 3158 326.
697 3124 807 3176 seq.
