1940 3672
286 185 410 248 510
866 193 1310 251 Historia

187 367 585 433 accusabatur
642 371 748 436 sed
802 376 1131 445 incassum:
1203 376 1383 439 Unde
1431 376 1694 436 Ecclesia
1752 379 1875 438 Po·-

185 462 390 523 l'oniae
448 460 602 524 adeo
668 463 850 525 brevi
918 467 1210 528 convulsa
1284 466 1517 537 evasit,
1582 469 1671 524 uti
1733 468 1879 549 ipsis

186 546 476 611 fidelibus
557 550 889 613 concordia
957 560 1292 617 necessaria
1363 553 1736 614 videretur:
1807 558 1875 635 a)

184 658 384 720 quare
449 638 633 699 1555.
691 642 1060 722 Cozmitzgae
1125 647 1327 729 prima
1377 640 1875 725 Synodus‘indi-

174 738 273 783 cta
324 736 448 800 est,
506 724 583 785 ad
647 749 838 809 quam
890 753 967 792 ex
1020 746 1288 814 utraque
1342 731 1632 802 Polonia‚
1681 730 1868 789 multi

176 813 448 872 ministri
482 826 543 874 et
577 817 830 876 Patroni
861 818 1320 894 confluxerant,
1358 819 1466 880 nbi
1508 821 1691 878 etiam
1714 823 1867 880 unio

173 920 320 958 cum
359 901 625 965 ecclesiis
666 904 962 968 Poloniae
994 907 1250 991 Majoris
1289 911 1441 967 inita
1486 920 1609 979 est,
1650 929 1868 989 quam-

177 988 272 1047 vis
313 987 495 1050 brevi
533 990 613 1051 ab
651 1014 722 1054 ea
758 992 1164 1070 desciverint,
1212 996 1766 1076 Ceremoniamque
1801 997 1865 1055 in

173 1076 382 1136 Coena
423 1079 675 1143 Domini
708 1095 1061 1148 consvetam
1103 1086 1439 1144 Fratribns
1486 1082 1862 1165 repudiave-

172 1166 307 1226 rint
322 1188 340 1242 3
376 1165 541 1229 unde
595 1169 885 1231 subortae
929 1170 1331 1236 dissensiones
1377 1172 1708 1232 Ecclesiam
1750 1172 1866 1228 mi-

175 1274 249 1314 re
299 1251 766 1333 distrahebant,
833 1264 1131 1342 quoniam
1184 1276 1247 1321 et
1315 1262 1663 1320 Tritlzeime
1713 1258 1871 1319 irre-

170 1341 452 1425 PSIssent,
564 1347 762 1406 Porro
823 1350 1010 1410 etiam
1074 1352 1398 1407 Smne-arii
1464 1346 1728 1408 haeresis
1800 1348 1864 1405 in

166 1428 424 1510 Synodo
486 1434 962 1494 Sendomiriensc‘
1006 1449 1069 1497 et
1119 1442 1191 1495 V
1183 1439 1614 1498 lccclislaviensi
1638 1481 1651 1508 ,
1699 1456 1863 1493 anno

174 1519 361 1580 1560.
411 1520 473 1580 in
513 1520 745 1583 celebri
800 1522 1051 1605 Synodo
1104 1525 1445 1585 Xicmsetzsz'
1489 1522 1867 1585 condemna-

169 1617 234 1664 ta
277 1619 382 1667 est.
430 1607 557 1668 Vix
602 1614 805 1670 autem
839 1611 1073 1672 malum
1114 1616 1441 1671 Smne-arii
1486 1614 1861 1692 exstinctum

169 1692 492 1776 el'at,jam
527 1699 833 1776 Georgius
874 1702 1240 1758 Blandmzta
1289 1699 1604 1770 Medicus,
1652 1699 1859 1759 Gene-

167 1802 248 1839 va
295 1781 379 1842 ob
419 1799 704 1867 negatam
751 1789 1149 1847 divinitatem
1209 1790 1446 1846 Clu-isti
1498 1785 1709 1870 pulsus
1737 1831 1751 1857 ,
1796 1788 1857 1847 in

164 1868 741 1948 Poloniam'veniss
787 1876 898 1955 qui
938 1896 1000 1935 se
1037 1896 1178 1934 cum
1224 1873 1576 1958 blasphema
1621 1874 1858 1934 doctri-

131 1979 247 2016 wna
311 1956 389 2019 de
453 1959 558 2018 SS.
623 1963 965 2038 Trinitate‚
1026 1964 1274 2024 Polonis
1330 1978 1391 2025 et
1452 1965 1732 2025 Litvanis
1788 1963 1852 2022 in

162 2048 428 2129 gratiam
465 2046 619 2109 adeo
664 2052 1036 2126 insinuavit,
1075 2064 1143 2110 ut
1191 2054 1318 2135 ipse
1371 2055 1663 2111 Calvinus
1714 2073 1855 2111 eum

160 2133 477 2195 Vilnensis
544 2139 890 2199 ministerio
953 2138 1353 2202 adscriberet.
1420 2144 1494 2221 b)
1548 2144 1602 2198 Is
1666 2141 1857 2220 igitur

97 2231 99 2235 ’
162 2219 464 2283 haeresim
520 2228 919 2285 Socim‘anam
965 2244 1248 2290 recenter
1279 2253 1312 2287 a
1346 2233 1583 2288 Fausto
1638 2231 1854 2286 Socino

161 2312 228 2368 in
298 2310 476 2372 Italia
548 2329 914 2396 prognatam
978 2319 1386 2401 propagavit,
1444 2317 1745 2400 plurimos
1819 2336 1854 2374 e

159 2397 490 2460 nobilitate
523 2401 801 2477 seduxit,
841 2405 1180 2487 insanaque
1224 2427 1331 2465 sua
1356 2404 1637 2465 doctrina
1675 2402 1851 2462 Ecle-

161 2487 314 2547 siam
349 2485 641 2552 foedavit.
733 2489 1009 2554 Tandem
1056 2509 1195 2576 post
1235 2495 1436 2554 varias
1497 2494 1847 2552 animorum

1533 2579 1764 2645 dissen—

157 2703 476 2724 .,.-,..-.,-.

227 2784 306 2856 a)
358 2784 604 2837 Joachim
654 2786 912 2841 Bielscius
973 2789 1028 2840 in
1081 2790 1285 2846 Chron.
1334 2788 1526 2843 Polnn.
1578 2789 1640 2844 L.
1692 2790 1739 2842 5.
1793 2809 1846 2860 p.

314 2854 437 2907 600.
470 2874 621 2926 seqq.
661 2857 900 2910 Lasicius
937 2859 1003 2910 dc
1042 2861 1208 2928 gestis
1240 2859 1490 2910 Fratrum
1523 2859 1584 2913 L.
1630 2860 1681 2914 5.
1720 2861 1842 2911 Vir-

313 2924 475 2993 gilius
514 2927 762 2978 Musaeus
813 2928 879 2979 de
923 2930 1200 2998 Evangelii
1252 2930 1309 2980 in
1362 2929 1583 2981 Polonia
1632 2930 1840 2998 origine

318 3004 375 3044 et
428 3013 734 3065 progressu.
809 2997 882 3068 b)
932 3000 1163 3050 Joannes
1210 2999 1463 3050 Calvinus
1497 3000 1552 3050 in
1589 3000 1844 3068 Epistola.
1931 3021 1936 3034 ·

315 3065 503 3122 Joach.
537 3066 792 3120 Bielscius
829 3069 886 3122 in
932 3069 1133 3126 Chron,
1179 3069 1364 3126 Polou.
1401 3071 1462 3123 L.
1497 3069 1544 3121 5.
1580 3087 1637 3143 p.
1674 3068 1791 3124 600.
