1940 3672
297 217 372 276 78
855 225 1301 284 Ilistoria

197 394 646 457 decreverunt:
686 399 936 458 interim
970 402 1194 484 impius
1231 400 1333 461 ille
1391 397 1566 460 furor
1611 422 1723 460 nec
1777 400 1876 463 h'ic

197 481 395 542 adhuc
435 483 698 559 destitit3
749 486 853 545 sed
892 487 1072 568 plane
1130 503 1200 548 ut
1251 491 1448 549 omnis
1495 485 1876 552 Christianae

205 572 546 652 Religionis
578 577 876 632 memoria
916 599 950 634 e
976 575 1268 636 cordibus
1293 576 1610 637 hominum
1643 578 1876 638 evelle-

199 675 405 734 retur3
453 662 657 716 omnia
690 661 1287 724 Ecclesiaeinstituta
1327 682 1388 726 et
1419 668 1572 723 ritus
1619 666 1876 725 sustule-

197 762 379 819 runt,
429 748 712 827 ipsosque
756 752 899 806 anni
939 749 1067 809 dies
1107 772 1339 824 sacrOS,
1389 753 1650 812 inductis
1698 757 1874 812 novis

198 835 477 916 profanis
524 835 880 893 nominibus
920 840 1324 900 nominandos
1361 855 1745 916 statuerunt,
1812 856 1875 901 et

197 921 621 991 dissentientes
665 927 1030 1004 praesertim
1053 927 1410 989 Sacerdotes
1431 932 1612 988 variis
1634 929 1875 1011 suppli-

195 1012 305 1069 ciis
337 1011 687 1069 asfecerunt.
744 1010 1100 1092 Cuiusmodi
1155 1018 1495 1099 impietates
1545 1030 1874 1098 postquam

195 1098 678 1158 infaustisinitiis
703 1099 966 1162 aliorum
1003 1124 1257 1184 quoque
1284 1107 1644 1187 Principum
1687 1127 1877 1186 regna

193 1201 257 1248 et
294 1188 563 1269 Imperia
596 1193 1037 1269 pervasissent3
1084 1193 1481 1277 Principibus
1527 1194 1670 1273 ipsis
1726 1215 1876 1252 con-

193 1275 421 1336 sultum
452 1274 585 1335 fore
627 1276 958 1338 videbatur
995 1278 1070 1337 ad
1095 1283 1326 1341 civium
1361 1279 1877 1362 tranquillitatem

192 1361 711 1439 conservandam,
758 1382 819 1428 et
858 1369 1246 1450 Religionem
1291 1368 1707 1430 Christianum
1753 1392 1880 1428 ma-

189 1451 625 1527 nutenendam,
661 1469 731 1513 ut
778 1458 938 1518 inter
970 1480 1030 1518 se
1053 1457 1265 1518 foedus
1300 1457 1716 1518 Christianum
1753 1460 1879 1517 ini—

191 1555 350 1600 rent.
399 1542 687 1601 Ceterum
722 1545 849 1626 ipse
882 1548 1066 1604 etiam
1133 1550 1452 1622 Napoleon
1504 1548 1683 1605 1802.
1731 1567 1872 1605 cum

191 1632 305 1687 Pio
348 1630 486 1687 VII.
532 1630 813 1691 Romano
850 1633 1146 1694 Pontifice
1168 1635 1415 1694 tandem
1440 1632 1703 1693 feliciter
1727 1655 1876 1693 con-

191 1715 439 1776 cordata
486 1720 720 1791 iniens,
769 1743 884 1802 pro
923 1744 1029 1781 sua
1075 1744 1198 1802 qua
1249 1721 1523 1804 pollebat
1562 1720 1722 1803 apud
1761 1746 1876 1779 na—

191 1807 425 1865 tionem
464 1806 762 1865 Gallicam
807 1811 1169 1870 auctoritate
1201 1824 1263 1869 et
1309 1810 1584 1892 potentia
1631 1809 1832 1867 effecit
1858 1855 1873 1882 ‚

191 1892 454 1954 edictum
496 1895 979 1976 promulgando:
1026 1912 1096 1957 ut
1132 1897 1419 1982 deinceps
1445 1918 1655 1956 omnes
1692 1897 1874 1955 Chri-

190 1984 444 2041 stianam
479 1983 843 2065 religionem
890 1984 1373 2066 profiterentur,
1425 1986 1875 2067 Episcoporum

187 2071 539 2129 Auctoritas
585 2086 647 2130 et
692 2070 1038 2151 jurisdictio
1083 2075 1360 2156 plenarie
1406 2074 1872 2150 restitueretur3

189 2173 251 2218 et
295 2181 507 2217 rerum
555 2160 926 2221 Divinarum
963 2161 1413 2222 administratio
1435 2185 1546 2245 per
1571 2160 1872 2221 influxum

186 2246 546 2307 Pontificiae
607 2252 923 2331 potestatis
1005 2251 1440 2310 ordinaretur:
1525 2250 1753 2330 quibus
1810 2266 1872 2311 et

189 2335 322 2393 aliis
360 2334 853 2416 prudentissimis
877 2337 1409 2414 ordinationibus,
1458 2337 1759 2399 Ecclesiae
1806 2353 1870 2399 et

185 2423 526 2503 Religionis
569 2424 790 2483 damna
833 2427 1160 2509 iniquitate
1206 2442 1560 2510 temporum
1597 2439 1658 2485 et
1707 2423 1874 2508 inju-

190 2513 284 2569 ria
330 2509 647 2572 hominum
684 2513 887 2592 illata,
953 2517 1179 2576 sensim
1237 2519 1555 2593 Napoleon
1606 2513 1875 2575 feliciter

184 2603 517 2683 reparavit.

345 2690 389 2765 ᾗ.
443 2691 496 2748 5.
547 2693 767 2749 Status
807 2693 1109 2750 Politia-ecs
1151 2704 1211 2750 et
1248 2695 1481 2751 Forma
1513 2694 1862 2769 Regimitzis

193 2778 441 2836 Gallicae
484 2779 799 2854 Antiquae
837 2792 897 2838 ec
954 2785 1183 2839 Novae.
1230 2778 1675 2862 Antiquissima
1715 2780 1859 2837 Gal-

184 2863 389 2925 lorum
423 2863 576 2924 facta
601 2912 616 2940 ,
651 2867 727 2925 ad
763 2891 959 2928 seram
981 2870 1402 2951 posteritatem
1426 2890 1612 2951 quam
1644 2866 1866 2927 diutis-

181 2956 334 3015 sime
371 2971 821 3016 conservarunt
876 2958 1257 3017 nobilissima
1315 2960 1679 3015 Bardonem
1728 2977 1862 3014 car-

182 3044 388 3120 mina,
435 3064 510 3105 ex
557 3044 783 3126 quibus
835 3060 1003 3129 patet
1047 3044 1343 3107 Gallicam
1403 3058 1653 3130 gentem
1698 3045 1860 3106 inter

1640 3129 1772 3192 hel-
