1940 3672
235 233 352 292 170
770 240 1215 294 Ilistoria

291 409 369 467 X.
419 412 641 467 Educet
643 415 785 469 (Iam
846 413 922 471 II.
966 415 1073 494 qui
1116 411 1372 470 lascivus
1425 424 1487 469 et
1546 412 1803 491 irnavus

145 517 221 577 pl
228 497 433 580 inceps
454 520 598 556 mox
635 522 666 556 a
697 502 967 557 Roberto
990 503 1330 556 Bolas-sico
1366 521 1442 558 ex
1468 501 1631 557 omni
1659 523 1713 582 p
1703 523 1810 556 ιι-

139 596 201 642 te
231 582 629 644 vehementer
669 585 1071 646 infestabatur
1091 631 1106 658 ‚
1154 586 1291 646 ideo
1331 600 1469 669 post
1529 587 1811 645 amissam

135 670 505 732 Hiberniam
538 686 600 730 et
632 695 743 754 pai
748 686 870 732 tem
911 674 1170 756 Angliae
1196 717 1212 747 ‚
1258 696 1448 755 legno
1476 696 1537 732 se
1560 671 1812 732 abdica-

139 761 235 816 vit
287 780 448 817 anno
487 763 663 840 regni
710 761 803 820 19.
847 776 908 820 et
944 764 1228 821 successit
1261 766 1316 821 ei'
1329 722 1538 822 ἶ1526.

295 847 401 904 ΧΙ.
449 848 787 905 Eclccarclas
835 852 959 905 III.
998 852 1200 908 statim
1244 850 1454 908 Scotos
1487 872 1562 908 ex
1581 849 1814 907 Hiber-

133 934 234 989 nia
264 933 432 992 clade
461 934 705 994 affectos
739 935 968 1017 rejecit.
1004 939 1161 996 Dein
1180 957 1428 1017 gravem
1456 938 1807 996 contentio-

132 1042 274 1079 nem
315 1019 532 1080 habuit
561 1044 702 1083 cum
741 1026 1030 1101 Philippo
1094 1027 1344 1080 Valesio
1393 1025 1622 1081 Galliae
1668 1045 1815 1104 rege

138 1107 216 1167 de
281 1107 418 1192 jure
467 1114 859 1172 successionis
912 1116 975 1170 in
1034 1134 1298 1194 regnum
1347 1112 1612 1185 Galliae,
1673 1110 1815 1169 hinc

131 1212 408 1281 suscepta
441 1200 505 1261 in
552 1199 817 1258 Galliam
871 1198 1298 1283 expeditione,
1366 1200 1506 1257 500.
1556 1201 1810 1257 navium

133 1284 384 1345 classem
422 1306 565 1346 cum
611 1287 819 1346 multis
845 1285 1166 1346 hominum
1201 1286 1468 1346 millibus
1516 1286 1807 1370 perdidit.

131 1374 290 1432 Item
342 1372 420 1431 ad
482 1377 678 1433 Cretii
733 1375 1032 1459 oppidum
1089 1390 1151 1436 et
1215 1379 1566 1433 Pictavimn
1629 1374 1812 1456 longe

134 1459 352 1541 majori
388 1460 556 1522 clade
585 1463 818 1541 affecit,
867 1464 978 1523 ubi
1012 1466 1381 1546 periverunt
1439 1466 1533 1524 11.
1576 1465 1815 1522 Princi-

134 1569 274 1629 pes,
337 1550 434 1608 80.
466 1550 752 1611 Bai-ones.
808 1555 990 1612 1200.
1043 1553 1333 1634 EquiteS,
1396 1572 1430 1609 e
1494 1552 1813 1611 communi

134 1657 285 1696 vero
320 1641 594 1697 exercitu
634 1640 731 1699 50.
767 1640 960 1698 millia
1007 1639 1466 1715 occubuerunt3
1526 1642 1654 1722 ipse
1702 1659 1816 1696 lex

133 1720 277 1806 fuga
310 1729 499 1784 vitam
530 1726 802 1804 salvans,
836 1727 1083 1787 tandem
1122 1727 1452 1787 undecimo
1477 1726 1814 1787 obsidionis

132 1834 341 1873 mense
375 1816 652 1874 Caletum
681 1837 937 1899 quoque
971 1817 1368 1899 expugnavit.
1403 1816 1540 1886 Quo
1562 1828 1811 1896 tempo-

130 1923 201 1961 re
246 1904 430 1962 etiam
460 1904 694 1985 Regina
734 1905 795 1961 in
827 1904 1053 1986 Anglia
1084 1903 1337 1963 militari
1373 1905 1606 1962 virtute
1632 1922 1810 1983 prae-

130 1989 259 2048 dita
281 2034 297 2063 ‚
344 1993 653 2050 Davidem
692 1991 932 2052 Scotiae
953 2013 1163 2074 regem
1197 1990 1488 2073 Angliam
1511 1988 1809 2049 invaden-

130 2091 294 2151 tem,
340 2081 525 2138 caesis
565 2081 659 2139 15.
693 2080 968 2139 millibus
1015 2081 1170 2139 vicit
1230 2094 1292 2139 et
1355 2081 1670 2163 captivum
1714 2079 1807 2135 in-

130 2167 409 2248 tercepit.
478 2168 545 2249 a)
604 2169 863 2227 Interim
912 2182 1162 2227 mortuo
1216 2169 1505 2243 Philippo
1557 2170 1629 2225 V
1619 2169 1809 2226 ale-sio

129 2251 324 2311 filium
364 2252 495 2336 ejus
541 2277 953 2316 successorem
999 2258 1298 2314 Joannem
1347 2259 1567 2315 vivum
1617 2257 1808 2313 inter-

129 2343 297 2424 cepit
329 2355 390 2400 et
437 2345 500 2401 in
527 2343 815 2425 Angliam
852 2342 1148 2418 abduxit,
1181 2342 1346 2403 unde
1381 2363 1528 2427 pace
1572 2341 1648 2401 ad.
1695 2363 1807 2424 op-

128 2429 346 2511 pidum
382 2433 609 2509 Bretig
575 2435 781 2491 onium
819 2430 1008 2506 facta,
1052 2429 1497 2515 pulchemimas
1543 2431 1806 2515 provin

128 2520 247 2576 cias
285 2531 346 2577 et
389 2519 681 2579 Civitates
716 2519 796 2578 ob
843 2520 1339 2580 elibeitationem
1367 2523 1529 2602 legis
1550 2520 1810 2576 Ioannis

128 2604 291 2663 Galli
340 2606 559 2667 cedere
592 2606 903 2667 debebant
942 2607 1196 2689 Anglis3
1243 2609 1353 2690 qui
1401 2606 1549 2667 dum
1602 2602 1809 2687 subje-

128 2708 258 2753 ctos
286 2693 404 2752 sibi
432 2695 638 2756 Gallos
669 2697 848 2754 nimis
889 2654 1314 2756 exactionibus
1352 2719 1383 2753 a
1408 2718 1470 2756 se
1506 2693 1810 2755 abaliena-

128 2784 312 2842 visset
334 2827 351 2857 ‚
388 2783 546 2843 Galli
591 2787 878 2845 resumtis
910 2787 1128 2844 animis
1145 2783 1305 2844 duce
1325 2786 1613 2862 Philippo
1635 2785 1811 2840 Bm·-

1560 2891 1725 2952 gun-

199 3042 840 3115 a)P01yd.L.18.et
891 3049 973 3107 19.
1024 3049 1180 3107 Paul.
1224 3050 1420 3109 Aemissl
1462 3050 1524 3103 L.
1567 3044 1617 3100 8.
1668 3043 1812 3099 et9·

289 3113 610 3184 frossardus
647 3118 708 3170 L.
750 3116 799 3171 1.
