1940 3672
607 142 1118 199 Polonoram.
1475 139 1600 200 551

21 317 296 378 omnium
335 313 793 397 disciplinarum
887 311 1329 393 professionem
1362 325 1564 372 erecta
1605 310 1703 372 fu-

27 407 108 483 it3
147 406 450 489 imprimis
486 415 688 460 tamen
729 400 812 458 ibi
876 402 1061 459 Sacra
1113 399 1484 481 Theologia‚
1535 412 1697 458 artes

25 491 482 553 mathematicae
548 500 610 545 et
668 485 998 546 humanior
1061 488 1376 547 literatura
1465 485 1695 545 floruit.

25 581 145 639 Hic
183 583 431 662 insuper
468 579 691 634 Petrus
735 578 999 634 Roirizcs
1044 574 1553 636 Lithvanicarum
1590 571 1700 632 de-

27 671 325 728 cisionum
374 665 644 746 scriptor
705 662 1150 723 celeberrimus
1203 661 1702 745 Jurisprudenti-

28 778 127 814 am
178 775 240 814 se
294 752 567 812 docuisse
625 749 976 833 profitetur.
1069 752 1211 831 Huc
1272 753 1456 812 etiam
1505 761 1702 809 cater-

28 844 219 901 vatim
272 841 593 901 literarum
628 838 1177 899 condiscendarum
1214 860 1390 898 causa
1439 859 1704 897 concur--

31 951 172 989 rere
227 929 506 989 solebant
546 928 904 1010 Hungariae
961 925 1071 985 filii
1118 925 1242 1010 jam
1289 929 1352 984 in
1392 925 1705 1007 dignitati-

35 1017 151 1076 bus
203 1015 562 1090 constituti,
611 1016 701 1074 ιιῐὶ
760 1014 1034 1074 Abbates
1060 1059 1076 1087 ,
1114 1012 1584 1088 Archidiaconi‚
1629 1013 1712 1071 Vi

33 1102 521 1164 cearchidiaconi
543 1147 559 1177 ,
596 1100 858 1165 Parochi
893 1116 954 1163 et
988 1103 1134 1177 alii,
1178 1123 1295 1185 pro
1331 1102 1557 1185 quibus
1592 1101 1712 1160 ibi-

29 1191 169 1253 dem
216 1191 415 1275 ampla
452 1190 732 1252 fundatio
778 1192 1080 1251 exstitisse
1117 1190 1385 1264 videtur,
1433 1204 1502 1248 ut
1544 1201 1712 1271 patet

30 1301 108 1340 ex
148 1283 368 1339 Bursa
429 1282 856 1352 Cremonensi,
903 1301 1091 1361 quam
1128 1300 1206 1338 ex
1250 1279 1523 1359 antiquis
1577 1278 1710 1336 Ma-

35 1369 375 1451 nuscriptis
444 1367 637 1429 edidit
710 1366 914 1425 Jacob.
975 1370 1157 1425 Ferd.
1220 1368 1463 1424 Malles·
1531 1367 1714 1426 1820.

35 1455 298 1516 condam
342 1457 578 1517 Musaei
629 1453 970 1516 Nationalis
1003 1453 1295 1514 Director
1337 1454 1580 1514 Pestini.
1626 1487 1714 1497 —-

40 1548 577 1604 Vratislavensem
647 1546 834 1604 etiam
915 1540 1312 1602 Academiam
1372 1564 1467 1599 an.
1529 1540 1714 1600 1505.

43 1635 115 1691 V
107 1636 408 1693 ladislaus
453 1633 813 1714 Hungariae
854 1644 916 1691 et
960 1627 1288 1691 Bohemiae
1319 1652 1431 1690 rex
1472 1631 1714 1710 erigere

37 1722 405 1796 conabatur3
443 1719 547 1781 sed
605 1721 987 1779 Universitas
1027 1720 1448 1778 Cracoviensis
1484 1730 1553 1776 ut
1583 1717 1718 1775 Ma-

41 1808 317 1888 jestatem
362 1821 422 1867 et
466 1808 729 1889 gloriam
778 1828 948 1866 suam
985 1820 1303 1881 tueretur,
1351 1803 1516 1889 apud
1558 1806 1720 1863 Juli-

42 1919 148 1955 um
185 1893 544 1956 Pontificem
589 1896 937 1954 Romanum
959 1939 974 1968 ,
1009 1893 1140 1976 ejus
1177 1893 1716 1954 confirmationem

44 1982 388 2065 impedivit.
478 1987 804 2042 Posnensis
849 1985 1033 2042 etiam
1067 1981 1399 2042 Academia
1435 1982 1719 2064 aliquan-

41 2070 121 2130 do
160 2070 411 2145 floruit,
451 2071 556 2133 sed
593 2092 758 2131 nunc
801 2070 1053 2132 demum
1090 2070 1354 2153 collapsa
1390 2082 1497 2130 est.
1565 2071 1722 2128 Por-

39 2180 110 2219 ro
169 2162 456 2218 Cromero
517 2174 669 2220 teste
706 2162 770 2219 in
825 2181 968 2220 arce
1036 2162 1320 2218 Vilnensi
1373 2157 1714 2217 celeberri-

40 2268 205 2305 mam
276 2245 725 2309 Bibliothecam
799 2248 1091 2309 Poloniae
1164 2249 1363 2329 Reges
1416 2260 1717 2307 extruxe-

42 2348 206 2394 runt.
299 2335 412 2395 His
454 2339 645 2420 igitur
686 2335 1006 2420 praesidiis
1061 2335 1198 2395 fulti
1249 2335 1505 2420 plurimi
1563 2332 1724 2392 cele-

42 2421 305 2482 berrimi
349 2427 508 2500 viri,
550 2426 792 2510 scriptis
832 2437 892 2487 et
916 2424 1411 2484 institutionibus
1448 2423 1571 2481 suis
1607 2422 1724 2479 Po-

43 2506 270 2572 loniam
338 2528 659 2572 ornarunt.
750 2514 852 2572 Sic
938 2514 1400 2591 Geograplzictm
1448 2512 1725 2567 Zeilerzcs

46 2598 266 2660 Ulmae
309 2602 472 2661 ’1657
481 2649 493 2660 .
542 2604 750 2658 Simon
811 2605 1267 2661 Starovolscias
1313 2596 1727 2676 Guelferbyti.

53 2685 235 2745 1656.
299 2689 697 2766 Augustinus
764 2692 1118 2749 Gadicamcs
1194 2688 1483 2749 Coloniae
1534 2684 1720 2744 1659.

43 2774 276 2853 Optime
320 2791 523 2836 autem
581 2779 872 2837 Andreas
927 2781 1234 2839 Cellarias
1278 2771 1723 2834 Amstelodami

51 2860 234 2920 1659.
283 2865 642 2925 fflstoriccm
677 2891 822 2925 vero
859 2869 1151 2925 Polom‘cce
1203 2866 1589 2927 illustrarunt
1615 2861 1723 2916 Jo-

46 2967 236 3010 cmtzes
275 2953 586 3014 Pistor-ius
645 2955 1080 3019 Polonicarum
1124 2976 1336 3023 rerum
1382 2952 1715 3033 scriptores

1466 3036 1641 3099 latini
