1940 3672
249 148 329 208 52
759 153 1201 211 Ilistorc'a

158 332 441 389 Henrico
483 332 648 392 circa
676 354 771 391 an.
825 334 1007 393 1112.
1036 333 1200 392 Patri
1234 330 1518 392 successit
1552 330 1842 404 Alphon-

158 441 282 493 sus,
330 421 441 501 qui
489 422 666 480 initio
713 443 775 479 se
805 419 1025 480 ducem
1050 419 1463 502 portugalliae
1500 417 1832 499 appellan8‚

155 506 403 567 tandem
443 509 951 590 insignivictoria
975 524 1189 568 contra
1208 510 1548 566 Ismarium
1594 519 1656 564 et
1683 505 1836 565 alios

155 609 425 676 quatuor
478 595 926 654 Saracenorum
968 610 1030 654 et
1077 597 1446 656 Maurorum
1501 614 1677 675 reges
1726 615 1840 677 po-

155 686 301 742 titus
349 705 403 741 a.
456 684 637 742 1159.
683 681 762 739 ab
809 685 1089 741 exercitu
1119 685 1305 766 Regis
1371 682 1621 742 titulum
1666 702 1840 743 acce-

154 772 276 854 pit:
326 771 391 827 in
442 768 613 851 cujus
668 771 965 829 victoriae
1020 792 1295 852 perenne
1349 772 1837 845 monimentum,

150 867 318 917 scuta
373 859 620 916 minora
672 858 954 939 quinque
1010 861 1074 916 in
1118 860 1378 940 insignia
1425 857 1838 938 Portugalliae

154 943 468 1004 transtulit
525 947 590 1003 in
653 947 1020 1005 memoriam
1093 947 1471 1007 vexillorum
1553 948 1838 1028 quinque

151 1033 413 1114 Regum.
499 1032 606 1092 Ab
628 1031 743 1092 hoc
783 1035 973 1115 igitur
1015 1035 1335 1110 Alphonso
1380 1036 1432 1092 I.
1480 1035 1690 1095 existit
1728 1055 1832 1093 se-

150 1122 274 1181 ries
308 1121 550 1202 Regum
571 1123 942 1197 Lusitaniae,
967 1145 1238 1205 quorum
1275 1123 1685 1182 successiones
1710 1135 1837 1181 tres

152 1206 432 1292 Epochas
479 1211 544 1267 in
589 1210 868 1270 Historia
938 1209 1352 1292 Portugalliae
1414 1211 1840 1285 constituunt3

154 1311 345 1380 prout
389 1319 613 1382 nempe
659 1300 704 1355 I.
798 1299 1002 1358 Status
1038 1302 1216 1381 regni
1250 1296 1677 1358 consideratur
1722 1295 1839 1355 sub

152 1385 403 1467 regibus
470 1385 549 1444 ab
615 1388 934 1462 Alphonso
1000 1386 1274 1470 legitime
1309 1384 1837 1447 descendentibus.

153 1474 269 1534 vel.
317 1478 390 1534 ΙΙ.
480 1473 612 1532 Sub
648 1474 926 1557 Imperio
973 1475 1340 1559 Hispaniae:
1390 1473 1491 1534 vel
1524 1473 1636 1532 ΙΙΙ.
1684 1494 1832 1556 pro—

150 1575 221 1621 ut
263 1561 378 1621 sub
427 1560 701 1646 Regibus
744 1584 777 1622 e
823 1562 1025 1623 Domo
1071 1566 1477 1640 Bragcmtica
1507 1563 1659 1621 ortis
1690 1561 1838 1619 sub-

152 1663 311 1709 sunt.
404 1654 620 1733 Itaque
666 1651 712 1709 l.
759 1650 875 1709 sub
923 1654 1332 1728 Alphonsim's
1376 1650 1664 1733 regibuS‚
1710 1662 1836 1708 sta-

151 1750 246 1797 tus
310 1736 751 1799 Lusitanorum
797 1742 882 1813 a)
943 1740 1164 1822 opibus
1226 1753 1289 1799 et
1348 1740 1623 1822 potentia
1680 1737 1838 1796 mire

152 1827 383 1900 crevit,
430 1828 797 1909 praesertim
854 1826 971 1884 sub
1015 1830 1253 1884 Jocmne
1299 1829 1386 1884 II.
1449 1837 1508 1885 et
1555 1827 1838 1881 Emcmu-

152 1917 276 1986 εἶθ,
342 1936 539 1995 quum
582 1913 658 1973 ad
720 1915 1181 1996 navigationem
1243 1914 1457 1974 Indiae
1521 1911 1839 1972 orientalis

151 2003 254 2059 via
306 2014 461 2062 esset
513 2002 851 2087 patefacta,
899 2017 961 2062 et
1004 2004 1286 2064 Lusitani
1339 2004 1609 2062 maxima
1659 2021 1838 2059 com-

151 2092 382 2150 mercia
419 2094 769 2174 specierum
825 2093 1306 2150 aromaticarum
1357 2090 1435 2149 ad
1486 2112 1550 2149 se
1590 2086 1839 2148 trahere

150 2178 508 2260 coepissent.
556 2179 755 2239 Antea
779 2182 945 2239 enim
977 2201 1188 2240 omnes
1220 2179 1432 2239 Indiae
1460 2198 1695 2237 merces
1723 2200 1837 2258 per

151 2287 321 2324 mare
360 2266 630 2327 rubrum
660 2282 723 2327 et
788 2267 1146 2350 Aegyptum
1211 2270 1619 2351 transpositae
1661 2279 1838 2323 erant

150 2351 592 2415 Alexandriam
624 2370 686 2416 et
710 2352 855 2414 hinc
874 2356 1181 2415 venetias,
1228 2360 1471 2417 Verum
1508 2368 1831 2437 postquam

151 2445 422 2500 Joantzes
470 2446 559 2509 II,
625 2466 739 2503 rex
790 2445 1049 2504 misisset
1101 2444 1525 2526 exploratores
1560 2488 1576 2516 ,
1646 2453 1716 2499 ut
1759 2439 1836 2498 ad

151 2534 655 2612 promontorium
712 2535 931 2591 Bonae
973 2536 1104 2610 spei
1164 2532 1416 2593 Africae
1456 2553 1594 2592 oras
1647 2550 1835 2588 accu-

1651 2641 1750 2676 Γὶἰ-

218 2829 295 2891 α)
335 2828 491 2882 Joan.
527 2827 680 2896 Bapl.
717 2826 931 2894 Birago.
972 2826 1115 2879 Hist.
1154 2823 1535 2893 Portugalliae.
1570 2820 1827 2890 Lugduni

311 2895 462 2950 1646.
501 2897 862 2947 successiones
902 2906 953 2946 et
987 2913 1176 2964 regum
1212 2895 1563 2955 mutationes,
1602 2902 1838 2942 statiun-

309 2986 410 3038 que
444 2967 728 3019 politicum
766 2967 977 3021 scribit.
1016 2967 1151 3016 Item
1189 2966 1345 3020 ,leani
1384 2966 1535 3033 bapt.
1567 2961 1832 3014 Lamber-

304 3043 451 3090 tinus
483 3039 540 3088 in
576 3036 817 3089 Theano
857 3037 1066 3106 Regum
1123 3036 1395 3090 Bruxellis
1436 3033 1589 3088 16:20.
1631 3031 1726 3088 l'ol.
