<?xml version="1.0" encoding="UTF-8"?>
<!DOCTYPE html PUBLIC "-//W3C//DTD XHTML 1.0 Transitional//EN"
    "http://www.w3.org/TR/xhtml1/DTD/xhtml1-transitional.dtd">
<html xmlns="http://www.w3.org/1999/xhtml" xml:lang="en" lang="en">
 <head>
  <title>
</title>
<meta http-equiv="Content-Type" content="text/html;charset=utf-8" />
  <meta name='ocr-system' content='tesseract 3.04.00' />
  <meta name='ocr-capabilities' content='ocr_page ocr_carea ocr_par ocr_line ocrx_word'/>
</head>
<body>
  <div class='ocr_page' id='page_1' title='image "./historiauniversa03nagy_0152.png"; bbox 0 0 1940 3672; ppageno 0'>
   <div class='ocr_carea' id='block_1_1' title="bbox 260 203 1195 260">
    <p class='ocr_par' dir='ltr' id='par_1_1' title="bbox 260 203 1195 260">
     <span class='ocr_line' id='line_1_1' title="bbox 260 203 1195 260; baseline -0.003 0"><span class='ocrx_word' id='word_1_1' title='bbox 260 203 376 260; x_wconf 83' lang='lat'><strong>128</strong></span> <span class='ocrx_word' id='word_1_2' title='bbox 785 205 1195 260; x_wconf 75' lang='lat' dir='ltr'><strong>Ilistoria</strong></span> 
     </span>
    </p>
   </div>
   <div class='ocr_carea' id='block_1_2' title="bbox 162 380 1855 2201">
    <p class='ocr_par' dir='ltr' id='par_1_2' title="bbox 162 380 1855 2201">
     <span class='ocr_line' id='line_1_2' title="bbox 166 380 1831 462; baseline -0.001 -19"><span class='ocrx_word' id='word_1_3' title='bbox 166 387 332 446; x_wconf 89' lang='lat' dir='ltr'><strong>mine</strong></span> <span class='ocrx_word' id='word_1_4' title='bbox 376 384 504 444; x_wconf 83' lang='lat' dir='ltr'><strong>fere</strong></span> <span class='ocrx_word' id='word_1_5' title='bbox 535 386 856 444; x_wconf 76' lang='lat' dir='ltr'><strong>resistente</strong></span> <span class='ocrx_word' id='word_1_6' title='bbox 907 383 1245 442; x_wconf 86' lang='lat' dir='ltr'><strong>Austriacas</strong></span> <span class='ocrx_word' id='word_1_7' title='bbox 1288 380 1548 441; x_wconf 86' lang='lat' dir='ltr'><strong>ditiones</strong></span> <span class='ocrx_word' id='word_1_8' title='bbox 1607 383 1831 462; x_wconf 76' lang='lat' dir='ltr'><strong>ingres-</strong></span> 
     </span>
     <span class='ocr_line' id='line_1_3' title="bbox 166 467 1843 554; baseline -0.002 -22"><span class='ocrx_word' id='word_1_9' title='bbox 166 495 263 532; x_wconf 84' lang='lat' dir='ltr'><strong>sus</strong></span> <span class='ocrx_word' id='word_1_10' title='bbox 287 518 303 547; x_wconf 63' lang='lat'>9</span> <span class='ocrx_word' id='word_1_11' title='bbox 379 474 743 554; x_wconf 82' lang='lat' dir='ltr'><strong>Tergestum</strong></span> <span class='ocrx_word' id='word_1_12' title='bbox 765 516 780 543; x_wconf 81' lang='grc'><em>,</em></span> <span class='ocrx_word' id='word_1_13' title='bbox 855 469 1237 551; x_wconf 85' lang='lat' dir='ltr'><strong>Forojulium</strong></span> <span class='ocrx_word' id='word_1_14' title='bbox 1265 517 1279 546; x_wconf 78' lang='grc'>,</span> <span class='ocrx_word' id='word_1_15' title='bbox 1363 467 1715 529; x_wconf 83' lang='lat' dir='ltr'><strong>Carinthiae</strong></span> <span class='ocrx_word' id='word_1_16' title='bbox 1780 485 1843 529; x_wconf 87' lang='lat' dir='ltr'><strong>et</strong></span> 
     </span>
     <span class='ocr_line' id='line_1_4' title="bbox 168 554 1845 643; baseline -0.002 -24"><span class='ocrx_word' id='word_1_17' title='bbox 168 561 397 620; x_wconf 86' lang='lat' dir='ltr'><strong>Stiriae</strong></span> <span class='ocrx_word' id='word_1_18' title='bbox 413 576 653 643; x_wconf 81' lang='lat' dir='ltr'><strong>partem</strong></span> <span class='ocrx_word' id='word_1_19' title='bbox 677 581 870 639; x_wconf 85' lang='lat' dir='ltr'><strong>usque</strong></span> <span class='ocrx_word' id='word_1_20' title='bbox 888 559 1218 618; x_wconf 87' lang='lat' dir='ltr'><strong>Graecium</strong></span> <span class='ocrx_word' id='word_1_21' title='bbox 1250 559 1611 640; x_wconf 83' lang='lat' dir='ltr'><strong>occupavit,</strong></span> <span class='ocrx_word' id='word_1_22' title='bbox 1667 554 1845 636; x_wconf 85' lang='lat' dir='ltr'><strong>cujus</strong></span> 
     </span>
     <span class='ocr_line' id='line_1_5' title="bbox 169 644 1844 730; baseline -0.003 -23"><span class='ocrx_word' id='word_1_23' title='bbox 169 651 455 730; x_wconf 82' lang='lat' dir='ltr'><strong>potestati</strong></span> <span class='ocrx_word' id='word_1_24' title='bbox 484 650 668 706; x_wconf 90' lang='lat' dir='ltr'><strong>etiam</strong></span> <span class='ocrx_word' id='word_1_25' title='bbox 688 647 962 704; x_wconf 84' lang='lat' dir='ltr'><strong>Venetae</strong></span> <span class='ocrx_word' id='word_1_26' title='bbox 992 667 1056 704; x_wconf 92' lang='lat' dir='ltr'><strong>se</strong></span> <span class='ocrx_word' id='word_1_27' title='bbox 1100 644 1526 728; x_wconf 78' lang='lat' dir='ltr'><strong>subjecerunt3</strong></span> <span class='ocrx_word' id='word_1_28' title='bbox 1599 644 1844 703; x_wconf 79' lang='lat' dir='ltr'><strong>tandem</strong></span> 
     </span>
     <span class='ocr_line' id='line_1_6' title="bbox 167 735 1849 819; baseline -0.001 -27"><span class='ocrx_word' id='word_1_29' title='bbox 167 758 288 819; x_wconf 79' lang='lat' dir='ltr'><strong>pax</strong></span> <span class='ocrx_word' id='word_1_30' title='bbox 321 757 459 793; x_wconf 89' lang='lat' dir='ltr'><strong>cum</strong></span> <span class='ocrx_word' id='word_1_31' title='bbox 496 735 749 792; x_wconf 85' lang='lat' dir='ltr'><strong>Austria</strong></span> <span class='ocrx_word' id='word_1_32' title='bbox 777 754 849 791; x_wconf 91' lang='lat' dir='ltr'><strong>eo</strong></span> <span class='ocrx_word' id='word_1_33' title='bbox 881 754 1041 791; x_wconf 86' lang='lat' dir='ltr'><strong>anno</strong></span> <span class='ocrx_word' id='word_1_34' title='bbox 1065 735 1129 791; x_wconf 90' lang='lat' dir='ltr'><strong>in</strong></span> <span class='ocrx_word' id='word_1_35' title='bbox 1174 737 1400 811; x_wconf 78' lang='lat' dir='ltr'><strong>Campo</strong></span> <span class='ocrx_word' id='word_1_36' title='bbox 1423 737 1672 792; x_wconf 79' lang='lat' dir='ltr'><strong>Formio</strong></span> <span class='ocrx_word' id='word_1_37' title='bbox 1701 755 1849 790; x_wconf 83' lang='lat' dir='ltr'><strong>con-</strong></span> 
     </span>
     <span class='ocr_line' id='line_1_7' title="bbox 167 822 1848 903; baseline -0.002 -23"><span class='ocrx_word' id='word_1_38' title='bbox 167 822 325 883; x_wconf 81' lang='lat' dir='ltr'><strong>fecta</strong></span> <span class='ocrx_word' id='word_1_39' title='bbox 361 836 463 882; x_wconf 91' lang='lat' dir='ltr'><strong>est.</strong></span> <span class='ocrx_word' id='word_1_40' title='bbox 508 822 672 879; x_wconf 89' lang='lat' dir='ltr'><strong>Hinc</strong></span> <span class='ocrx_word' id='word_1_41' title='bbox 707 823 1076 894; x_wconf 76' lang='lat' dir='ltr'><strong>Bormparte</strong></span> <span class='ocrx_word' id='word_1_42' title='bbox 1111 844 1143 878; x_wconf 89' lang='lat' dir='ltr'><strong>a</strong></span> <span class='ocrx_word' id='word_1_43' title='bbox 1198 823 1378 881; x_wconf 81' lang='lat'><strong>1798.</strong></span> <span class='ocrx_word' id='word_1_44' title='bbox 1413 824 1472 880; x_wconf 88' lang='lat' dir='ltr'><strong>in</strong></span> <span class='ocrx_word' id='word_1_45' title='bbox 1497 823 1848 903; x_wconf 78' lang='lat' dir='ltr'><strong>Aegyptum</strong></span> 
     </span>
     <span class='ocr_line' id='line_1_8' title="bbox 165 906 1848 984; baseline -0.004 -15"><span class='ocrx_word' id='word_1_46' title='bbox 165 913 401 984; x_wconf 84' lang='lat' dir='ltr'><strong>missus,</strong></span> <span class='ocrx_word' id='word_1_47' title='bbox 447 907 712 968; x_wconf 84' lang='lat' dir='ltr'><strong>feliciter</strong></span> <span class='ocrx_word' id='word_1_48' title='bbox 737 906 1047 981; x_wconf 84' lang='lat' dir='ltr'><strong>Melitam,</strong></span> <span class='ocrx_word' id='word_1_49' title='bbox 1094 908 1549 982; x_wconf 77' lang='lat' dir='ltr'><strong>Alexandriam,</strong></span> <span class='ocrx_word' id='word_1_50' title='bbox 1598 911 1848 967; x_wconf 66' lang='lat' dir='ltr'><strong>(jairum</strong></span> 
     </span>
     <span class='ocr_line' id='line_1_9' title="bbox 167 993 1849 1079; baseline -0.002 -24"><span class='ocrx_word' id='word_1_51' title='bbox 167 1012 230 1056; x_wconf 85' lang='lat' dir='ltr'><strong>et</strong></span> <span class='ocrx_word' id='word_1_52' title='bbox 266 1011 458 1057; x_wconf 86' lang='lat' dir='ltr'><strong>totam</strong></span> <span class='ocrx_word' id='word_1_53' title='bbox 505 997 859 1079; x_wconf 79' lang='lat' dir='ltr'><strong>Aegyptum</strong></span> <span class='ocrx_word' id='word_1_54' title='bbox 878 993 1266 1078; x_wconf 79' lang='lat' dir='ltr'><strong>subjugavit,</strong></span> <span class='ocrx_word' id='word_1_55' title='bbox 1314 997 1457 1056; x_wconf 88' lang='lat' dir='ltr'><strong>inde</strong></span> <span class='ocrx_word' id='word_1_56' title='bbox 1506 1000 1564 1054; x_wconf 89' lang='lat' dir='ltr'><strong>in</strong></span> <span class='ocrx_word' id='word_1_57' title='bbox 1607 999 1849 1076; x_wconf 69' lang='lat' dir='ltr'><strong>Syriam</strong></span> 
     </span>
     <span class='ocr_line' id='line_1_10' title="bbox 169 1082 1845 1169; baseline -0.001 -26"><span class='ocrx_word' id='word_1_58' title='bbox 169 1085 479 1169; x_wconf 88' lang='lat' dir='ltr'><strong>profectus</strong></span> <span class='ocrx_word' id='word_1_59' title='bbox 521 1084 799 1166; x_wconf 86' lang='lat' dir='ltr'><strong>undique</strong></span> <span class='ocrx_word' id='word_1_60' title='bbox 844 1082 1204 1144; x_wconf 85' lang='lat' dir='ltr'><strong>hostilitates</strong></span> <span class='ocrx_word' id='word_1_61' title='bbox 1246 1084 1593 1145; x_wconf 77' lang='lat' dir='ltr'><strong>exercendo</strong></span> <span class='ocrx_word' id='word_1_62' title='bbox 1631 1130 1646 1159; x_wconf 87' lang='lat'>‚</span> <span class='ocrx_word' id='word_1_63' title='bbox 1673 1087 1845 1142; x_wconf 87' lang='lat' dir='ltr'><strong>Tur-</strong></span> 
     </span>
     <span class='ocr_line' id='line_1_11' title="bbox 170 1171 1850 1256; baseline -0.002 -24"><span class='ocrx_word' id='word_1_64' title='bbox 170 1196 383 1232; x_wconf 88' lang='lat' dir='ltr'><strong>carum</strong></span> <span class='ocrx_word' id='word_1_65' title='bbox 454 1173 903 1256; x_wconf 80' lang='lat' dir='ltr'><strong>Imperatorem</strong></span> <span class='ocrx_word' id='word_1_66' title='bbox 971 1171 1123 1233; x_wconf 90' lang='lat' dir='ltr'><strong>adeo</strong></span> <span class='ocrx_word' id='word_1_67' title='bbox 1193 1175 1530 1233; x_wconf 83' lang='lat' dir='ltr'><strong>commovit</strong></span> <span class='ocrx_word' id='word_1_68' title='bbox 1562 1217 1577 1246; x_wconf 84' lang='grc'>,</span> <span class='ocrx_word' id='word_1_69' title='bbox 1662 1185 1729 1230; x_wconf 89' lang='lat' dir='ltr'><strong>ut</strong></span> <span class='ocrx_word' id='word_1_70' title='bbox 1788 1172 1850 1228; x_wconf 85' lang='lat' dir='ltr'><strong>in</strong></span> 
     </span>
     <span class='ocr_line' id='line_1_12' title="bbox 166 1260 1849 1343; baseline -0.003 -22"><span class='ocrx_word' id='word_1_71' title='bbox 166 1261 703 1322; x_wconf 80' lang='lat' dir='ltr'><strong>confoederatione</strong></span> <span class='ocrx_word' id='word_1_72' title='bbox 739 1261 1078 1319; x_wconf 85' lang='lat' dir='ltr'><strong>Russorum</strong></span> <span class='ocrx_word' id='word_1_73' title='bbox 1105 1306 1120 1335; x_wconf 80' lang='lat'>‚</span> <span class='ocrx_word' id='word_1_74' title='bbox 1162 1264 1268 1343; x_wconf 86' lang='lat' dir='ltr'><strong>qui</strong></span> <span class='ocrx_word' id='word_1_75' title='bbox 1310 1260 1433 1342; x_wconf 89' lang='lat' dir='ltr'><strong>jam</strong></span> <span class='ocrx_word' id='word_1_76' title='bbox 1472 1274 1651 1319; x_wconf 84' lang='lat' dir='ltr'><strong>antea</strong></span> <span class='ocrx_word' id='word_1_77' title='bbox 1684 1282 1849 1317; x_wconf 86' lang='lat' dir='ltr'><strong>arma</strong></span> 
     </span>
     <span class='ocr_line' id='line_1_13' title="bbox 162 1347 1848 1431; baseline -0.003 -22"><span class='ocrx_word' id='word_1_78' title='bbox 162 1373 306 1409; x_wconf 90' lang='lat' dir='ltr'><strong>cum</strong></span> <span class='ocrx_word' id='word_1_79' title='bbox 355 1349 573 1431; x_wconf 82' lang='lat' dir='ltr'><strong>Anglis</strong></span> <span class='ocrx_word' id='word_1_80' title='bbox 609 1361 668 1408; x_wconf 90' lang='lat' dir='ltr'><strong>et</strong></span> <span class='ocrx_word' id='word_1_81' title='bbox 703 1348 1120 1431; x_wconf 82' lang='lat' dir='ltr'><strong>Neapolitanis</strong></span> <span class='ocrx_word' id='word_1_82' title='bbox 1183 1348 1512 1431; x_wconf 80' lang='lat' dir='ltr'><strong>junxerant</strong></span> <span class='ocrx_word' id='word_1_83' title='bbox 1540 1393 1554 1421; x_wconf 80' lang='lat'>‚</span> <span class='ocrx_word' id='word_1_84' title='bbox 1619 1347 1848 1406; x_wconf 89' lang='lat' dir='ltr'><strong>bellum</strong></span> 
     </span>
     <span class='ocr_line' id='line_1_14' title="bbox 167 1434 1850 1510; baseline -0.003 -12"><span class='ocrx_word' id='word_1_85' title='bbox 167 1440 448 1498; x_wconf 88' lang='lat' dir='ltr'><strong>omnium</strong></span> <span class='ocrx_word' id='word_1_86' title='bbox 481 1439 976 1497; x_wconf 87' lang='lat' dir='ltr'><strong>cruentissimum</strong></span> <span class='ocrx_word' id='word_1_87' title='bbox 1014 1437 1248 1498; x_wconf 86' lang='lat' dir='ltr'><strong>Galliae</strong></span> <span class='ocrx_word' id='word_1_88' title='bbox 1280 1437 1711 1510; x_wconf 75' lang='lat' dir='ltr'><strong>denunciaret3</strong></span> <span class='ocrx_word' id='word_1_89' title='bbox 1746 1434 1850 1493; x_wconf 89' lang='lat' dir='ltr'><strong>sed</strong></span> 
     </span>
     <span class='ocr_line' id='line_1_15' title="bbox 165 1523 1846 1606; baseline -0.002 -22"><span class='ocrx_word' id='word_1_90' title='bbox 165 1526 413 1586; x_wconf 86' lang='lat' dir='ltr'><strong>fortuna</strong></span> <span class='ocrx_word' id='word_1_91' title='bbox 437 1527 669 1606; x_wconf 85' lang='lat' dir='ltr'><strong>ubique</strong></span> <span class='ocrx_word' id='word_1_92' title='bbox 687 1524 873 1582; x_wconf 88' lang='lat' dir='ltr'><strong>Gallis</strong></span> <span class='ocrx_word' id='word_1_93' title='bbox 896 1524 1158 1600; x_wconf 79' lang='lat' dir='ltr'><strong>favente,</strong></span> <span class='ocrx_word' id='word_1_94' title='bbox 1175 1525 1317 1584; x_wconf 88' lang='lat' dir='ltr'><strong>licet</strong></span> <span class='ocrx_word' id='word_1_95' title='bbox 1336 1528 1562 1583; x_wconf 80' lang='lat' dir='ltr'><strong>Nelson</strong></span> <span class='ocrx_word' id='word_1_96' title='bbox 1582 1523 1846 1604; x_wconf 78' lang='lat' dir='ltr'><strong>Angliae</strong></span> 
     </span>
     <span class='ocr_line' id='line_1_16' title="bbox 169 1610 1844 1675; baseline -0.002 -2"><span class='ocrx_word' id='word_1_97' title='bbox 169 1616 262 1675; x_wconf 84' lang='lat' dir='ltr'><strong>rei</strong></span> <span class='ocrx_word' id='word_1_98' title='bbox 288 1612 635 1673; x_wconf 85' lang='lat' dir='ltr'><strong>Praefectus</strong></span> <span class='ocrx_word' id='word_1_99' title='bbox 668 1613 962 1670; x_wconf 85' lang='lat' dir='ltr'><strong>Gallicam</strong></span> <span class='ocrx_word' id='word_1_100' title='bbox 994 1612 1245 1672; x_wconf 87' lang='lat' dir='ltr'><strong>classem</strong></span> <span class='ocrx_word' id='word_1_101' title='bbox 1289 1611 1362 1670; x_wconf 87' lang='lat' dir='ltr'><strong>ad</strong></span> <span class='ocrx_word' id='word_1_102' title='bbox 1401 1610 1844 1670; x_wconf 81' lang='lat' dir='ltr'><strong>Alexandriam</strong></span> 
     </span>
     <span class='ocr_line' id='line_1_17' title="bbox 169 1698 1853 1784; baseline -0.004 -23"><span class='ocrx_word' id='word_1_103' title='bbox 169 1701 616 1784; x_wconf 80' lang='lat' dir='ltr'><strong>profligavisset</strong></span> <span class='ocrx_word' id='word_1_104' title='bbox 637 1724 651 1775; x_wconf 78' lang='lat'>3</span> <span class='ocrx_word' id='word_1_105' title='bbox 673 1699 749 1757; x_wconf 86' lang='lat' dir='ltr'><strong>ad</strong></span> <span class='ocrx_word' id='word_1_106' title='bbox 783 1698 1066 1760; x_wconf 83' lang='lat' dir='ltr'><strong>Rhenum</strong></span> <span class='ocrx_word' id='word_1_107' title='bbox 1087 1714 1288 1758; x_wconf 87' lang='lat' dir='ltr'><strong>tamen</strong></span> <span class='ocrx_word' id='word_1_108' title='bbox 1322 1699 1482 1756; x_wconf 87' lang='lat' dir='ltr'><strong>Galli</strong></span> <span class='ocrx_word' id='word_1_109' title='bbox 1510 1701 1599 1756; x_wconf 90' lang='lat' dir='ltr'><strong>uti</strong></span> <span class='ocrx_word' id='word_1_110' title='bbox 1622 1698 1853 1756; x_wconf 82' lang='lat' dir='ltr'><strong>Vaadt-</strong></span> 
     </span>
     <span class='ocr_line' id='line_1_18' title="bbox 169 1785 1849 1863; baseline -0.002 -15"><span class='ocrx_word' id='word_1_111' title='bbox 169 1789 434 1848; x_wconf 91' lang='lat' dir='ltr'><strong>landiam</strong></span> <span class='ocrx_word' id='word_1_112' title='bbox 455 1835 469 1863; x_wconf 83' lang='grc'>,</span> <span class='ocrx_word' id='word_1_113' title='bbox 516 1788 813 1847; x_wconf 89' lang='lat' dir='ltr'><strong>ditionem</strong></span> <span class='ocrx_word' id='word_1_114' title='bbox 842 1790 1183 1846; x_wconf 85' lang='lat' dir='ltr'><strong>Romanam</strong></span> <span class='ocrx_word' id='word_1_115' title='bbox 1208 1785 1574 1846; x_wconf 81' lang='lat' dir='ltr'><strong>Pontificum</strong></span> <span class='ocrx_word' id='word_1_116' title='bbox 1595 1831 1609 1859; x_wconf 86' lang='lat'>,</span> <span class='ocrx_word' id='word_1_117' title='bbox 1646 1787 1849 1845; x_wconf 87' lang='lat' dir='ltr'><strong>Gene-</strong></span> 
     </span>
     <span class='ocr_line' id='line_1_19' title="bbox 171 1873 1849 1958; baseline -0.003 -21"><span class='ocrx_word' id='word_1_118' title='bbox 171 1900 354 1951; x_wconf 82' lang='lat' dir='ltr'><strong>vam,</strong></span> <span class='ocrx_word' id='word_1_119' title='bbox 401 1876 826 1950; x_wconf 83' lang='lat' dir='ltr'><strong>Hollandiam‚</strong></span> <span class='ocrx_word' id='word_1_120' title='bbox 873 1874 1194 1958; x_wconf 87' lang='lat' dir='ltr'><strong>Neapolim</strong></span> <span class='ocrx_word' id='word_1_121' title='bbox 1235 1873 1508 1956; x_wconf 87' lang='lat' dir='ltr'><strong>aliasque</strong></span> <span class='ocrx_word' id='word_1_122' title='bbox 1556 1875 1849 1933; x_wconf 83' lang='lat' dir='ltr'><strong>Civitates</strong></span> 
     </span>
     <span class='ocr_line' id='line_1_20' title="bbox 171 1961 1853 2047; baseline -0.004 -22"><span class='ocrx_word' id='word_1_123' title='bbox 171 1967 235 2026; x_wconf 87' lang='lat' dir='ltr'><strong>in</strong></span> <span class='ocrx_word' id='word_1_124' title='bbox 280 1965 750 2047; x_wconf 87' lang='lat' dir='ltr'><strong>Rempublicam</strong></span> <span class='ocrx_word' id='word_1_125' title='bbox 793 1975 1287 2036; x_wconf 80' lang='lat' dir='ltr'><strong>commutarunt,</strong></span> <span class='ocrx_word' id='word_1_126' title='bbox 1332 1961 1498 2022; x_wconf 87' lang='lat' dir='ltr'><strong>unde</strong></span> <span class='ocrx_word' id='word_1_127' title='bbox 1544 1964 1853 2023; x_wconf 90' lang='lat' dir='ltr'><strong>interEu-</strong></span> 
     </span>
     <span class='ocr_line' id='line_1_21' title="bbox 169 2049 1855 2137; baseline -0.001 -25"><span class='ocrx_word' id='word_1_128' title='bbox 169 2076 358 2137; x_wconf 87' lang='lat' dir='ltr'><strong>ropae</strong></span> <span class='ocrx_word' id='word_1_129' title='bbox 393 2055 706 2136; x_wconf 84' lang='lat' dir='ltr'><strong>Principes</strong></span> <span class='ocrx_word' id='word_1_130' title='bbox 730 2073 963 2112; x_wconf 84' lang='lat' dir='ltr'><strong>novum</strong></span> <span class='ocrx_word' id='word_1_131' title='bbox 984 2050 1195 2111; x_wconf 85' lang='lat' dir='ltr'><strong>foedus</strong></span> <span class='ocrx_word' id='word_1_132' title='bbox 1235 2064 1449 2110; x_wconf 84' lang='lat' dir='ltr'><strong>contra</strong></span> <span class='ocrx_word' id='word_1_133' title='bbox 1471 2049 1679 2112; x_wconf 89' lang='lat' dir='ltr'><strong>Gallos</strong></span> <span class='ocrx_word' id='word_1_134' title='bbox 1715 2073 1855 2111; x_wconf 85' lang='lat' dir='ltr'><strong>eoa·</strong></span> 
     </span>
     <span class='ocr_line' id='line_1_22' title="bbox 169 2141 511 2201; baseline 0 -1"><span class='ocrx_word' id='word_1_135' title='bbox 169 2141 299 2201; x_wconf 84' lang='lat' dir='ltr'><strong>luit.</strong></span> <span class='ocrx_word' id='word_1_136' title='bbox 348 2142 511 2201; x_wconf 85' lang='lat' dir='ltr'><strong>Hinc</strong></span> 
     </span>
    </p>
   </div>
   <div class='ocr_carea' id='block_1_3' title="bbox 166 2303 1852 3179">
    <p class='ocr_par' dir='ltr' id='par_1_3' title="bbox 166 2303 1852 3094">
     <span class='ocr_line' id='line_1_23' title="bbox 325 2303 1852 2371; baseline -0.002 -6"><span class='ocrx_word' id='word_1_137' title='bbox 325 2306 564 2367; x_wconf 89' lang='lat' dir='ltr'><strong>Bellum</strong></span> <span class='ocrx_word' id='word_1_138' title='bbox 628 2306 704 2371; x_wconf 84' lang='grc' dir='ltr'><strong>ΙΙ,</strong></span> <span class='ocrx_word' id='word_1_139' title='bbox 783 2327 925 2364; x_wconf 87' lang='lat' dir='ltr'><strong>cum</strong></span> <span class='ocrx_word' id='word_1_140' title='bbox 1007 2303 1345 2364; x_wconf 87' lang='lat' dir='ltr'><strong>Austriacis</strong></span> <span class='ocrx_word' id='word_1_141' title='bbox 1406 2319 1468 2367; x_wconf 88' lang='lat' dir='ltr'><strong>et</strong></span> <span class='ocrx_word' id='word_1_142' title='bbox 1530 2303 1852 2365; x_wconf 86' lang='lat' dir='ltr'><strong>foederatis</strong></span> 
     </span>
     <span class='ocr_line' id='line_1_24' title="bbox 168 2394 1851 2476; baseline -0.004 -21"><span class='ocrx_word' id='word_1_143' title='bbox 168 2397 374 2476; x_wconf 85' lang='lat' dir='ltr'><strong>erupit</strong></span> <span class='ocrx_word' id='word_1_144' title='bbox 420 2441 436 2468; x_wconf 83' lang='lat'>‚</span> <span class='ocrx_word' id='word_1_145' title='bbox 522 2394 722 2454; x_wconf 91' lang='lat' dir='ltr'><strong>soluto</strong></span> <span class='ocrx_word' id='word_1_146' title='bbox 799 2396 964 2451; x_wconf 89' lang='lat' dir='ltr'><strong>enim</strong></span> <span class='ocrx_word' id='word_1_147' title='bbox 1040 2415 1367 2475; x_wconf 79' lang='lat' dir='ltr'><strong>congressu</strong></span> <span class='ocrx_word' id='word_1_148' title='bbox 1444 2395 1851 2451; x_wconf 78' lang='lat' dir='ltr'><strong>Rastadiensi</strong></span> 
     </span>
     <span class='ocr_line' id='line_1_25' title="bbox 166 2479 1851 2564; baseline -0.002 -22"><span class='ocrx_word' id='word_1_149' title='bbox 166 2483 354 2542; x_wconf 83' lang='lat' dir='ltr'><strong>Russi</strong></span> <span class='ocrx_word' id='word_1_150' title='bbox 404 2482 559 2542; x_wconf 90' lang='lat' dir='ltr'><strong>duce</strong></span> <span class='ocrx_word' id='word_1_151' title='bbox 606 2485 902 2541; x_wconf 71' lang='lat' dir='ltr'><strong>Savarow</strong></span> <span class='ocrx_word' id='word_1_152' title='bbox 933 2503 1070 2540; x_wconf 87' lang='lat' dir='ltr'><strong>cum</strong></span> <span class='ocrx_word' id='word_1_153' title='bbox 1109 2481 1444 2540; x_wconf 87' lang='lat' dir='ltr'><strong>Austriacis</strong></span> <span class='ocrx_word' id='word_1_154' title='bbox 1497 2479 1851 2564; x_wconf 71' lang='lat' dir='ltr'><strong>conjuncti,</strong></span> 
     </span>
     <span class='ocr_line' id='line_1_26' title="bbox 171 2569 1851 2653; baseline -0.002 -23"><span class='ocrx_word' id='word_1_155' title='bbox 171 2585 311 2653; x_wconf 86' lang='lat' dir='ltr'><strong>post</strong></span> <span class='ocrx_word' id='word_1_156' title='bbox 346 2571 551 2653; x_wconf 90' lang='lat' dir='ltr'><strong>plures</strong></span> <span class='ocrx_word' id='word_1_157' title='bbox 584 2573 868 2629; x_wconf 74' lang='lat' dir='ltr'><strong>victorias</strong></span> <span class='ocrx_word' id='word_1_158' title='bbox 888 2616 902 2644; x_wconf 81' lang='grc'>,</span> <span class='ocrx_word' id='word_1_159' title='bbox 930 2569 1173 2628; x_wconf 87' lang='lat' dir='ltr'><strong>tandem</strong></span> <span class='ocrx_word' id='word_1_160' title='bbox 1200 2571 1262 2627; x_wconf 90' lang='lat' dir='ltr'><strong>in</strong></span> <span class='ocrx_word' id='word_1_161' title='bbox 1292 2569 1580 2629; x_wconf 87' lang='lat' dir='ltr'><strong>Helvetia</strong></span> <span class='ocrx_word' id='word_1_162' title='bbox 1616 2594 1647 2627; x_wconf 90' lang='lat' dir='ltr'><strong>a</strong></span> <span class='ocrx_word' id='word_1_163' title='bbox 1670 2572 1851 2627; x_wconf 62' lang='lat' dir='ltr'><strong>filas-</strong></span> 
     </span>
     <span class='ocr_line' id='line_1_27' title="bbox 175 2655 1851 2740; baseline -0.001 -24"><span class='ocrx_word' id='word_1_164' title='bbox 175 2681 323 2716; x_wconf 76' lang='lat' dir='ltr'><strong>sena</strong></span> <span class='ocrx_word' id='word_1_165' title='bbox 353 2681 568 2740; x_wconf 81' lang='lat' dir='ltr'><strong>magna</strong></span> <span class='ocrx_word' id='word_1_166' title='bbox 612 2658 782 2716; x_wconf 86' lang='lat' dir='ltr'><strong>clade</strong></span> <span class='ocrx_word' id='word_1_167' title='bbox 828 2660 1020 2717; x_wconf 84' lang='lat' dir='ltr'><strong>attriti</strong></span> <span class='ocrx_word' id='word_1_168' title='bbox 1066 2680 1128 2718; x_wconf 91' lang='lat' dir='ltr'><strong>se</strong></span> <span class='ocrx_word' id='word_1_169' title='bbox 1186 2655 1501 2717; x_wconf 83' lang='lat' dir='ltr'><strong>retrahere</strong></span> <span class='ocrx_word' id='word_1_170' title='bbox 1545 2658 1851 2738; x_wconf 78' lang='lat' dir='ltr'><strong>cogeban-</strong></span> 
     </span>
     <span class='ocr_line' id='line_1_28' title="bbox 175 2743 1849 2827; baseline -0.001 -22"><span class='ocrx_word' id='word_1_171' title='bbox 175 2761 294 2806; x_wconf 89' lang='lat' dir='ltr'><strong>tur.</strong></span> <span class='ocrx_word' id='word_1_172' title='bbox 342 2748 512 2805; x_wconf 89' lang='lat' dir='ltr'><strong>Inter</strong></span> <span class='ocrx_word' id='word_1_173' title='bbox 557 2746 703 2806; x_wconf 90' lang='lat' dir='ltr'><strong>haec</strong></span> <span class='ocrx_word' id='word_1_174' title='bbox 736 2751 1107 2822; x_wconf 75' lang='lat' dir='ltr'><strong>Bonapczrte</strong></span> <span class='ocrx_word' id='word_1_175' title='bbox 1139 2745 1318 2806; x_wconf 84' lang='lat' dir='ltr'><strong>elusis</strong></span> <span class='ocrx_word' id='word_1_176' title='bbox 1350 2747 1411 2804; x_wconf 92' lang='lat' dir='ltr'><strong>in</strong></span> <span class='ocrx_word' id='word_1_177' title='bbox 1432 2745 1718 2827; x_wconf 80' lang='lat' dir='ltr'><strong>Aegypto</strong></span> <span class='ocrx_word' id='word_1_178' title='bbox 1738 2743 1849 2804; x_wconf 90' lang='lat' dir='ltr'><strong>ho-</strong></span> 
     </span>
     <span class='ocr_line' id='line_1_29' title="bbox 171 2835 1846 2917; baseline -0.002 -23"><span class='ocrx_word' id='word_1_179' title='bbox 171 2836 361 2894; x_wconf 87' lang='lat' dir='ltr'><strong>stibus</strong></span> <span class='ocrx_word' id='word_1_180' title='bbox 385 2835 638 2894; x_wconf 85' lang='lat' dir='ltr'><strong>domum</strong></span> <span class='ocrx_word' id='word_1_181' title='bbox 672 2858 974 2908; x_wconf 71' lang='lat' dir='ltr'><strong>reve1·sUS‚</strong></span> <span class='ocrx_word' id='word_1_182' title='bbox 1020 2838 1459 2893; x_wconf 70' lang='lat' dir='ltr'><strong>Dictator-iam</strong></span> <span class='ocrx_word' id='word_1_183' title='bbox 1485 2848 1846 2917; x_wconf 86' lang='lat' dir='ltr'><strong>potestatem</strong></span> 
     </span>
     <span class='ocr_line' id='line_1_30' title="bbox 172 2921 1849 3006; baseline -0.002 -24"><span class='ocrx_word' id='word_1_184' title='bbox 172 2937 488 2994; x_wconf 71' lang='lat' dir='ltr'><strong>evei-tem,</strong></span> <span class='ocrx_word' id='word_1_185' title='bbox 552 2925 679 3005; x_wconf 79' lang='lat' dir='ltr'><strong>ipse</strong></span> <span class='ocrx_word' id='word_1_186' title='bbox 727 2926 959 3006; x_wconf 87' lang='lat' dir='ltr'><strong>primus</strong></span> <span class='ocrx_word' id='word_1_187' title='bbox 1026 2926 1251 2981; x_wconf 69' lang='lat' dir='ltr'><strong>Consul</strong></span> <span class='ocrx_word' id='word_1_188' title='bbox 1297 2921 1524 2982; x_wconf 86' lang='lat' dir='ltr'><strong>electus</strong></span> <span class='ocrx_word' id='word_1_189' title='bbox 1577 2924 1849 3004; x_wconf 88' lang='lat' dir='ltr'><strong>quietem</strong></span> 
     </span>
     <span class='ocr_line' id='line_1_31' title="bbox 175 3009 1851 3094; baseline 0 -26"><span class='ocrx_word' id='word_1_190' title='bbox 175 3012 480 3072; x_wconf 87' lang='lat' dir='ltr'><strong>internam</strong></span> <span class='ocrx_word' id='word_1_191' title='bbox 520 3013 803 3072; x_wconf 84' lang='lat' dir='ltr'><strong>restituit.</strong></span> <span class='ocrx_word' id='word_1_192' title='bbox 897 3009 1013 3070; x_wconf 82' lang='lat' dir='ltr'><strong>Sed</strong></span> <span class='ocrx_word' id='word_1_193' title='bbox 1063 3034 1209 3072; x_wconf 82' lang='lat' dir='ltr'><strong>mox</strong></span> <span class='ocrx_word' id='word_1_194' title='bbox 1259 3024 1500 3094; x_wconf 88' lang='lat' dir='ltr'><strong>partem</strong></span> <span class='ocrx_word' id='word_1_195' title='bbox 1545 3011 1851 3072; x_wconf 72' lang='lat' dir='ltr'><strong>exercitus</strong></span> 
     </span>
    </p>

    <p class='ocr_par' dir='ltr' id='par_1_4' title="bbox 1633 3118 1762 3179">
     <span class='ocr_line' id='line_1_32' title="bbox 1633 3118 1762 3179; baseline 0.016 -24"><span class='ocrx_word' id='word_1_196' title='bbox 1633 3118 1762 3179; x_wconf 76' lang='lat' dir='ltr'><strong>lpse</strong></span> 
     </span>
    </p>
   </div>
  </div>
 </body>
</html>
