1940 3672
236 130 361 191 592
758 135 1218 193 Historia

147 307 441 384 dolplucm
487 327 555 366 ac
603 327 903 389 generum
956 311 1337 385 (hamulum,
1398 309 1502 370 ubi
1552 322 1690 394 post
1728 330 1827 368 va-

145 395 268 455 rias
318 392 803 470 devastationeS,
866 397 1112 458 tandem
1158 401 1300 461 955.
1342 397 1418 456 ad
1472 403 1822 475 Augustam

142 480 609 544 Vindelicorum
646 497 813 542 tanta
842 484 1013 545 clade
1049 501 1229 548 erant
1262 487 1462 548 affecti
1483 531 1498 560 ‚
1559 499 1631 544 ut
1663 484 1813 545 Ger-

139 573 378 630 maniae
418 593 737 653 nunquam
793 574 854 631 in
909 588 1223 655 posterum
1284 577 1458 657 gravi
1502 572 1667 632 bello
1722 584 1820 630 aut

137 658 637 741 populationibus
680 657 912 719 fuerint
958 662 1231 736 molesti,
1286 663 1389 723 sed
1430 665 1704 721 animum
1751 657 1817 716 ad

136 747 527 827 Religionem
583 761 645 805 et
682 748 1151 831 Rempublicam
1207 751 1615 810 ordinandam
1659 747 1820 828 adje-

134 837 364 893 cerint:
428 855 495 892 ac
534 838 716 918 proin
756 833 902 896 haec
944 858 1149 919 pugna
1201 838 1343 898 licet
1379 851 1667 908 cruenta,
1718 837 1819 893 Sa-

133 921 353 980 lutaris
379 935 582 982 tamen
615 922 747 981 fuit.
794 927 956 982 Toxo
986 928 1268 985 successit
1301 927 1444 986 972.
1483 925 1642 986 filius
1681 925 1815 980 Gei-

132 1031 239 1083 sa,
302 1032 491 1091 quem
547 1014 744 1092 gratia
811 1012 928 1072 Dei
999 1016 1357 1095 praevenit,
1419 1028 1488 1073 ut
1551 1009 1817 1095 prudens

130 1097 554 1159 consideraret
585 1099 744 1157 mala
770 1103 1057 1177 maxima,
1105 1123 1264 1184 quae
1297 1123 1403 1161 sua
1427 1123 1573 1183 gens
1601 1113 1691 1159 tot
1716 1098 1821 1156 ali-

131 1187 182 1245 is
227 1187 590 1268 regionibus
638 1187 879 1263 intulit,
966 1202 1029 1249 et
1077 1189 1355 1251 crudeles
1405 1204 1636 1271 strages
1676 1207 1822 1269 quas

131 1275 261 1355 ipsa
301 1277 571 1334 vicissim
609 1298 780 1358 passa
820 1290 942 1355 est3
979 1300 1102 1359 qua
1143 1292 1401 1362 propter
1441 1279 1501 1335 in
1528 1298 1673 1361 pace
1697 1298 1822 1335 ma-

128 1359 327 1443 jorem
365 1385 537 1447 spem
574 1361 841 1439 habenS,
895 1367 1081 1425 svasit
1120 1369 1287 1447 genti
1315 1388 1487 1426 suae:
1540 1377 1610 1423 ut
1654 1385 1820 1423 arma

131 1450 514 1534 deponeret,
560 1466 621 1512 et
662 1474 899 1513 merces
936 1475 1072 1513 suas
1108 1457 1314 1536 potius
1351 1455 1570 1512 vicinis
1603 1451 1822 1512 distra-

131 1535 341 1612 heret,
389 1562 540 1621 quas
576 1538 695 1598 sibi
736 1544 1057 1623 provincia
1089 1563 1194 1600 sua
1229 1543 1477 1623 copiose
1517 1542 1822 1622 germina-

130 1641 244 1686 ret.
291 1628 424 1686 Sub
465 1649 539 1688 eo
581 1631 818 1686 octonis
837 1629 995 1712 Imp.
1042 1650 1216 1688 svasu
1267 1631 1616 1706 Piligrinzcs
1660 1650 1825 1687 sum-

131 1717 211 1773 sit
247 1715 566 1775 audaciam
603 1717 665 1775 in
706 1716 1092 1798 Hungariam
1134 1715 1426 1775 veniendi
1466 1730 1527 1776 et
1567 1717 1821 1797 Hunga-

126 1824 232 1863 ros
268 1803 716 1879 convertendi,
762 1804 916 1864 adeo
957 1821 1029 1864 ut
1064 1807 1194 1888 ipse
1229 1806 1414 1864 etiam
1451 1806 1639 1861 Geisa
1677 1823 1820 1862 cum

123 1890 253 1950 filio
304 1913 413 1950 suo
467 1894 784 1969 Stephano
823 1916 935 1976 per
967 1895 1382 1954 Adalbertum
1419 1892 1819 1974 Pragensium

122 1976 317 2039 Archi
374 1981 746 2065 Episcopum
801 2002 1046 2040 sacrum
1100 1982 1400 2065 baptisma
1463 1982 1815 2062 susciperet.

122 2069 479 2143 Stephanus
525 2084 729 2128 autem
777 2072 942 2152 patri
1002 2073 1066 2128 in
1117 2067 1348 2128 ducatu
1410 2070 1552 2130 997.
1611 2087 1820 2126 succe-

123 2154 272 2215 dens
294 2203 311 2230 ,
365 2156 689 2241 profligato
726 2157 958 2219 rebelle
995 2157 1150 2217 duce
1188 2159 1475 2233 Capsum,
1539 2155 1819 2214 ducalem

122 2242 488 2326 dignitatem
530 2249 593 2304 in
644 2247 904 2328 Regiam
944 2248 1362 2306 commutavit.
1429 2267 1480 2302 a.
1529 2244 1710 2303 1000.
1759 2255 1821 2302 et

119 2354 247 2391 non
302 2333 488 2393 modo
547 2333 682 2416 lege
724 2334 971 2417 publica
1026 2333 1350 2395 Relionem
1407 2330 1816 2391 Christianam

121 2419 508 2497 introduxit,
569 2422 674 2483 sed
713 2423 897 2482 etiam
952 2420 1423 2506 Rempublicam
1478 2422 1598 2480 rite
1645 2418 1818 2479 ordi-

120 2522 311 2568 navit.

482 2683 796 2779 Reges
864 2681 1470 2779 Arpadiani.

303 2873 364 2928 S.
401 2873 759 2946 Stephanus
791 2870 1000 2930 Sciens
1040 2891 1224 2929 omne
1258 2870 1531 2950 regimen
1570 2890 1693 2927 non
1748 2870 1810 2926 in

134 2957 370 3018 bonum
406 2958 586 3019 'illius
637 2961 746 3041 qui
801 2960 998 3039 regit,
1044 2956 1146 3019 sed
1190 2959 1252 3015 in
1305 2957 1537 3017 bonum
1593 2976 1814 3017 eorum

1611 3065 1721 3124 qul
