1940 3672
248 190 370 252 156
768 194 1199 248 Ili-storta-

148 367 289 428 dam
321 369 673 430 rebellionis
710 369 1038 430 latrocinio
1098 395 1376 433 eversam
1400 417 1414 446 ,
1490 372 1838 429 Constanti-

147 479 222 516 us
271 458 622 541 Imperator
683 460 1075 517 Constantini
1122 464 1205 521 M.
1243 460 1831 544 paterinstauravit‚

148 558 510 628 tantamque
555 542 858 618 scholam,
909 569 1067 627 quae
1106 572 1231 609 non
1269 547 1453 608 modo
1493 546 1835 606 auditorio-

148 655 289 692 rum
336 636 552 707 ruina,
591 630 696 691 sed
731 646 794 691 et
823 648 1023 695 morte
1072 638 1356 696 Hectoris
1398 651 1586 718 atque
1634 636 1836 715 Magi-

146 734 420 780 strorum
461 718 816 780 conciderat
840 766 856 792 ,
891 722 1170 784 attollere
1201 724 1516 784 laboravit.
1567 725 1829 781 Menin-

145 829 262 865 nae
295 810 478 868 etiam
522 805 763 868 scholae
823 808 1085 868 condam
1135 811 1560 894 pulcherrimo
1608 831 1832 893 opere,

144 908 206 955 et
222 894 567 956 studiorum
594 894 949 976 frequentia
965 898 1238 959 celebres
1258 916 1318 963 et
1344 900 1606 959 illustres
1631 911 1830 971 erant,

145 985 210 1042 in
253 984 480 1065 quibus
516 984 853 1045 Doctrinae
893 1000 955 1045 et
1008 986 1410 1069 Eloquentiae
1464 987 1663 1047 studia
1714 985 1831 1045 sso—

143 1086 443 1145 ruerunt,
482 1076 574 1132 uti
623 1073 810 1131 etiam
852 1076 1182 1132 flffccssiliae
1229 1091 1291 1136 et
1348 1079 1612 1135 Treviri.
1674 1078 1830 1133 Con-

141 1164 365 1218 stantii
408 1161 561 1243 Imp.
598 1160 784 1221 etiam
833 1162 1212 1225 incredibilis
1249 1165 1371 1224 fuit
1418 1185 1562 1246 erga
1603 1160 1830 1244 juven-

140 1261 338 1307 tutem
379 1249 719 1308 Galliarum
765 1250 1128 1328 solicitudo;
1197 1257 1307 1336 qui
1365 1253 1698 1334 Magistros
1751 1248 1828 1306 de

136 1336 514 1419 reipublicae
531 1336 805 1421 jui²ibus‚
854 1340 913 1397 in
932 1344 1233 1401 sexcentis
1256 1340 1532 1400 millibus
1567 1361 1829 1396 numum

131 1427 405 1507 accipere
445 1426 634 1509 jussit.
691 1427 1040 1484 Gratianus
1087 1431 1435 1511 Imperator
1498 1442 1706 1486 autem
1751 1425 1829 1483 ad

133 1514 473 1572 Antonium
521 1515 751 1574 Galliae
795 1514 1182 1575 Praefectum
1223 1518 1580 1598 rescripsit:
1649 1527 1718 1572 ut
1765 1516 1827 1571 in

136 1602 390 1683 singulis
430 1601 669 1661 Galliae
713 1604 1164 1685 metropolibus
1224 1608 1647 1665 excitarentur
1699 1601 1832 1661 ale—

137 1702 478 1772 renturque
525 1693 724 1754 studia
755 1693 1146 1764 Litcmruni,
1208 1695 1570 1774 egregiique
1619 1711 1828 1747 earum

136 1776 521 1838 Professores
555 1782 1071 1862 praeficerentur,
1123 1782 1353 1860 quibus
1417 1797 1696 1836 annonae
1754 1777 1830 1833 li-

136 1864 432 1925 beraliter
470 1870 932 1950 praeberentur.
982 1870 1046 1947 (cs)
1096 1869 1374 1925 Tandem
1431 1869 1693 1924 Carolus
1738 1865 1824 1923 M.

137 1952 460 2013 Gallorum
494 1954 586 2037 jus
622 1961 683 2016 in
720 1955 1003 2018 ordinem
1042 1955 1240 2037 redigi
1272 1970 1334 2014 et
1381 1956 1618 2037 Legum
1633 1952 1827 2012 libros

130 2043 437 2102 conscribi
472 2043 675 2126 jussit3
724 2067 868 2105 nam
901 2060 1073 2103 vetus
1111 2047 1146 2103 J
1154 2066 1220 2102 us
1261 2046 1691 2103 Romanorum
1715 2063 1826 2098 an-

130 2143 229 2190 tea
291 2151 403 2212 per
460 2132 905 2217 Longobardos
967 2144 1028 2193 et
1085 2132 1354 2192 Francos
1415 2131 1816 2191 obliteratum

125 2229 278 2277 erat.
326 2219 564 2279 Deinde
601 2223 676 2282 ad
713 2223 973 2281 aliarum
1029 2241 1281 2302 quoque
1328 2223 1556 2278 artium
1612 2215 1814 2278 studia

130 2308 544 2389 permovenda
580 2312 842 2384 accessit,
870 2329 1208 2390 earumque
1237 2308 1620 2368 Professores
1648 2325 1820 2386 egre-

126 2397 225 2476 gie
279 2395 499 2472 coluit,
556 2403 790 2480 magnis
826 2398 1191 2456 muneribus
1228 2397 1470 2469 affecit,
1533 2413 1817 2479 praeser-

127 2486 243 2542 tim
280 2507 588 2545 sacrarum
622 2488 949 2548 literarum
997 2484 1322 2559 doctores;
1373 2486 1446 2564 b)
1490 2496 1662 2542 tanto
1704 2483 1821 2562 igi-

129 2585 230 2630 tur
268 2573 620 2634 Literarum
651 2595 858 2635 amore
879 2594 1162 2632 accensus
1209 2576 1471 2632 Carolus
1490 2575 1579 2630 M.
1604 2573 1821 2628 Aloni-

129 2665 195 2719 ni
239 2666 664 2745 praeceptoris
706 2665 796 2723 sui
829 2661 1100 2721 Consilio
1136 2663 1552 2721 Pccrlsiensem
1575 2661 1821 2718 Acade-

1553 2770 1741 2805 mmm

196 2965 250 3024 a)
291 2962 372 3009 De
406 2961 574 3011 verbo
609 2958 672 3010 ad
714 2959 941 3009 verbum
976 2955 1299 3008 referuntur
1322 2955 1377 3005 in
1412 2952 1609 3006 Codice
1639 2951 1823 3003 Theo-

280 3031 518 3081 dosiano.
559 3028 611 3101 b)
653 3030 1009 3097 Eginhardus.
1042 3026 1443 3096 Urspergensis.
1474 3023 1793 3074 Vincentius

260 3101 556 3151 Nauclerus
577 3142 588 3155 ,
614 3111 666 3149 et
698 3099 807 3149 alii.
