1940 3672
242 131 362 190 512
781 135 1177 191 Ilistoria.

153 309 304 373 dens
340 332 483 373 cum
536 311 728 373 fratre
789 313 1019 371 Czeclzo
1063 315 1159 372 cui
1208 314 1551 375 Moraviam
1605 329 1666 375 et
1712 315 1849 375 Bo-·

150 398 419 460 hemiam
475 413 887 474 concesserat,
952 403 1079 483 ipse
1149 403 1506 473 Quadorum
1560 417 1833 478 terram,

149 511 309 571 quae
359 487 544 550 hodie
597 488 812 549 Silesia
865 500 989 562 est,
1036 504 1096 548 et
1150 491 1448 573 Majorem
1513 491 1831 551 Poloniam

145 579 507 658 occupavit,
569 575 902 659 sedemque
946 575 1022 634 ad
1087 581 1418 637 Gniesnam
1486 581 1692 662 posuit
1752 602 1829 639 eo

142 663 318 747 quod
379 666 468 723 ibi
532 665 741 746 plures
804 661 978 723 nidos
1031 665 1381 747 aquilarum
1450 670 1829 750 reperisset:

139 750 321 835 hujus
381 753 579 810 Leclzi
639 772 1016 812 successores
1076 753 1219 812 dein
1277 755 1659 815 vocabantur
1709 756 1830 811 Po-

142 843 323 900 lacki.
414 841 729 900 Exstincta
781 854 987 899 autem
1028 843 1223 899 Lechi
1261 845 1486 925 stirpe,
1535 865 1679 901 mox
1710 843 1831 902 Po-

138 929 267 987 loni
304 951 339 986 a
379 926 708 988 duodecim
742 930 1180 1012 potentissimis
1228 927 1472 990 familiis
1511 953 1617 990 seu
1651 929 1827 989 Pala-

134 1017 280 1075 tinis
315 1014 472 1076 idest
507 1019 861 1092 Woywodis
892 1016 1436 1097 gubernabantur,
1483 1018 1678 1078 donec
1714 1040 1825 1078 ex·-

141 1105 298 1164 ortis
364 1105 527 1165 inter
591 1125 695 1164 eos
755 1103 1270 1179 dissensionibus,
1337 1129 1571 1167 summa
1633 1108 1827 1165 totius

134 1190 432 1252 Poloniae
481 1204 744 1276 potestas
795 1190 873 1251 ad
921 1195 1187 1251 Cracmn
1234 1194 1405 1254 urbis
1451 1196 1827 1253 Cracovien-

135 1282 217 1340 sis
263 1278 653 1341 conditorem
717 1279 1177 1341 devolveretur.
1268 1284 1462 1341 Lac-Izi
1507 1285 1670 1343 enim
1713 1304 1827 1366 po-

131 1370 281 1429 steri
342 1367 411 1447 a)
462 1380 713 1428 centum
765 1368 899 1430 fere
947 1371 1120 1430 annis
1165 1371 1227 1428 in
1284 1371 1535 1429 Polonia
1590 1393 1824 1453 regna—-

133 1471 288 1518 runt
322 1458 576 1517 circiter
620 1454 697 1513 ad
728 1478 957 1515 annum
999 1478 1197 1539 usque
1242 1456 1467 1517 Christi
1521 1461 1660 1518 700.
1717 1458 1825 1517 Ul«

133 1547 320 1603 timus
362 1544 490 1605 dux
533 1558 667 1604 erat
715 1547 1082 1604 Miecislaas
1128 1548 1235 1627 qui
1288 1549 1520 1629 primus
1567 1545 1823 1606 Christi-

131 1655 287 1692 anus
323 1631 618 1714 Princeps
650 1630 1024 1715 baptismum
1059 1638 1322 1716 suscepit
1358 1636 1522 1692 circa
1554 1657 1649 1694 an.
1675 1634 1819 1694 999.

129 1720 336 1781 Porro
396 1719 653 1780 Polonia
706 1722 913 1802 Regni
980 1720 1229 1779 titulum
1275 1735 1337 1781 et
1383 1723 1642 1802 Regiam
1683 1722 1787 1779 Ma

132 1805 409 1890 jestatem
462 1809 701 1891 accepit
764 1832 858 1868 an.
933 1811 1116 1869 1001.
1174 1823 1476 1890 regnante
1534 1812 1823 1868 Boleslao

136 1898 423 1973 Chrobty
471 1918 662 1978 quem
717 1900 865 1954 Octo
909 1898 1016 1955 ΙΙΙ.
1067 1898 1496 1957 Romanorum
1535 1898 1819 1981 Impera-

131 1999 278 2062 tor,
299 1983 675 2044 humanitate
724 1983 853 2067 ejus
897 2008 1018 2067 qua
1058 2007 1198 2044 eum
1242 2000 1567 2067 exceperat
1606 1988 1667 2042 in
1710 2008 1827 2068 pe—

126 2074 548 2154 regrinatione
603 2076 936 2134 Gniesnam
999 2072 1075 2132 ad
1137 2072 1534 2160 sepulchrum
1585 2073 1657 2131 D.
1702 2076 1823 2136 Al-

123 2163 286 2218 berti
331 2159 662 2232 delinitus,
697 2162 935 2243 Regem
981 2164 1249 2234 creavit,
1288 2165 1520 2223 socium
1569 2176 1633 2221 et
1666 2164 1822 2220 ami-

120 2270 263 2309 cum
310 2250 576 2309 Romani
618 2251 919 2332 Imperii,
958 2275 992 2309 a
1040 2250 1284 2309 tributo
1328 2264 1387 2310 et
1420 2252 1585 2310 omni
1633 2248 1824 2331 juris-

123 2336 398 2396 dictione
455 2339 710 2422 Imperii
789 2339 1126 2398 immunem
1180 2340 1656 2420 pronunciavit,
1703 2341 1821 2398 Ri-

121 2446 389 2502 xamqae
451 2444 485 2481 e
561 2445 778 2485 sorore
832 2441 1082 2509 neptem
1142 2425 1271 2507 ejus
1324 2425 1449 2485 filio
1517 2428 1817 2484 Mlcc'slao

123 2511 473 2594 despondit.
536 2513 598 2592 b)
660 2517 900 2575 Verum
944 2528 1082 2597 post
1133 2536 1323 2572 annos
1386 2519 1485 2576 77.
1530 2513 1645 2573 sub
1685 2517 1813 2570 Bo-

118 2603 313 2661 leslao
347 2601 608 2658 Azcdace
634 2645 649 2672 ,
696 2603 804 2683 qui
851 2598 1187 2664 crudeliter
1233 2605 1624 2662 Stazzzislamn
1661 2603 1706 2659 C
1717 2625 1816 2660 ra·-

117 2689 469 2750 coviensem
505 2689 878 2772 Episcopum
920 2691 1368 2765 trucidaverat,
1420 2690 1671 2754 Potomia
1710 2713 1810 2752 re-

1614 2780 1715 2860 gio

183 2965 262 3038 a)
300 2965 589 3019 Cromerus
626 2969 688 3024 L.
729 2966 777 3019 1.
814 2966 957 3019 Hist.
998 2965 1189 3019 Polou,
1230 2961 1286 3032 b)
1326 2964 1615 3014 C1·‹›me1·us
1659 2965 1808 3023 Hm.

269 3037 460 3093 Polou.
496 3037 558 3093 L.
598 3035 647 3092 3.
681 3036 962 3091 Crantzius
1009 3033 1237 3087 vandal.
1279 3034 1338 3087 L.
1377 3034 1425 3088 2,
1468 3053 1510 3087 c.
1554 3033 1640 3088 36.

1935 540 1940 611 i
