<?xml version="1.0" encoding="UTF-8"?>
<!DOCTYPE html PUBLIC "-//W3C//DTD XHTML 1.0 Transitional//EN"
    "http://www.w3.org/TR/xhtml1/DTD/xhtml1-transitional.dtd">
<html xmlns="http://www.w3.org/1999/xhtml" xml:lang="en" lang="en">
 <head>
  <title>
</title>
<meta http-equiv="Content-Type" content="text/html;charset=utf-8" />
  <meta name='ocr-system' content='tesseract 3.04.00' />
  <meta name='ocr-capabilities' content='ocr_page ocr_carea ocr_par ocr_line ocrx_word'/>
</head>
<body>
  <div class='ocr_page' id='page_1' title='image "./historiauniversa03nagy_0297.png"; bbox 0 0 1940 3672; ppageno 0'>
   <div class='ocr_carea' id='block_1_1' title="bbox 608 133 1626 205">
    <p class='ocr_par' dir='ltr' id='par_1_1' title="bbox 608 133 1626 205">
     <span class='ocr_line' id='line_1_1' title="bbox 608 133 1626 205; baseline 0.011 -22"><span class='ocrx_word' id='word_1_1' title='bbox 608 133 1128 205; x_wconf 76' lang='lat' dir='ltr'><em>Belgarum.</em></span> <span class='ocrx_word' id='word_1_2' title='bbox 1502 136 1626 194; x_wconf 79' lang='lat'>275</span> 
     </span>
    </p>
   </div>
   <div class='ocr_carea' id='block_1_2' title="bbox 21 301 1808 3033">
    <p class='ocr_par' dir='ltr' id='par_1_2' title="bbox 21 301 1808 3033">
     <span class='ocr_line' id='line_1_2' title="bbox 21 301 1714 391; baseline -0.001 -24"><span class='ocrx_word' id='word_1_3' title='bbox 21 313 215 368; x_wconf 74' lang='lat' dir='ltr'>banus</span> <span class='ocrx_word' id='word_1_4' title='bbox 249 312 360 391; x_wconf 80' lang='lat' dir='ltr'>qui</span> <span class='ocrx_word' id='word_1_5' title='bbox 398 306 609 387; x_wconf 81' lang='lat' dir='ltr'>Belgas</span> <span class='ocrx_word' id='word_1_6' title='bbox 655 306 717 360; x_wconf 89' lang='lat' dir='ltr'>in</span> <span class='ocrx_word' id='word_1_7' title='bbox 770 301 1071 383; x_wconf 77' lang='lat' dir='ltr'>judicium</span> <span class='ocrx_word' id='word_1_8' title='bbox 1107 307 1394 377; x_wconf 81' lang='lat' dir='ltr'>vocavit,</span> <span class='ocrx_word' id='word_1_9' title='bbox 1440 307 1714 383; x_wconf 76' lang='lat' dir='ltr'>Egmon-</span> 
     </span>
     <span class='ocr_line' id='line_1_3' title="bbox 26 392 1717 474; baseline -0.001 -19"><span class='ocrx_word' id='word_1_10' title='bbox 26 403 255 456; x_wconf 65' lang='lat' dir='ltr'>clamem</span> <span class='ocrx_word' id='word_1_11' title='bbox 308 409 369 456; x_wconf 91' lang='lat' dir='ltr'>et</span> <span class='ocrx_word' id='word_1_12' title='bbox 418 397 797 451; x_wconf 63' lang='lat' dir='ltr'>Hor-nemum,</span> <span class='ocrx_word' id='word_1_13' title='bbox 854 393 1124 453; x_wconf 83' lang='lat' dir='ltr'><strong>Comites</strong></span> <span class='ocrx_word' id='word_1_14' title='bbox 1185 392 1462 474; x_wconf 87' lang='lat' dir='ltr'>aliosque</span> <span class='ocrx_word' id='word_1_15' title='bbox 1512 400 1717 455; x_wconf 86' lang='lat' dir='ltr'>securi</span> 
     </span>
     <span class='ocr_line' id='line_1_4' title="bbox 28 480 1721 570; baseline 0 -26"><span class='ocrx_word' id='word_1_16' title='bbox 28 485 358 570; x_wconf 80' lang='lat' dir='ltr'>percussit:</span> <span class='ocrx_word' id='word_1_17' title='bbox 402 482 828 537; x_wconf 75' lang='lat' dir='ltr'>Arausiaczcm</span> <span class='ocrx_word' id='word_1_18' title='bbox 872 492 934 539; x_wconf 89' lang='lat' dir='ltr'>et</span> <span class='ocrx_word' id='word_1_19' title='bbox 977 481 1126 540; x_wconf 89' lang='lat' dir='ltr'>alios</span> <span class='ocrx_word' id='word_1_20' title='bbox 1166 480 1557 564; x_wconf 89' lang='lat' dir='ltr'>poscribens,</span> <span class='ocrx_word' id='word_1_21' title='bbox 1607 482 1721 544; x_wconf 86' lang='lat' dir='ltr'>bo-</span> 
     </span>
     <span class='ocr_line' id='line_1_5' title="bbox 27 566 1720 641; baseline -0.001 -9"><span class='ocrx_word' id='word_1_22' title='bbox 27 598 103 632; x_wconf 89' lang='lat' dir='ltr'>na</span> <span class='ocrx_word' id='word_1_23' title='bbox 161 591 375 631; x_wconf 89' lang='lat' dir='ltr'>eorum</span> <span class='ocrx_word' id='word_1_24' title='bbox 434 568 608 626; x_wconf 88' lang='lat' dir='ltr'>Fisco</span> <span class='ocrx_word' id='word_1_25' title='bbox 667 566 940 641; x_wconf 71' lang='lat' dir='ltr'>addixit,</span> <span class='ocrx_word' id='word_1_26' title='bbox 1008 568 1201 628; x_wconf 89' lang='lat' dir='ltr'>multa</span> <span class='ocrx_word' id='word_1_27' title='bbox 1261 567 1600 631; x_wconf 88' lang='lat' dir='ltr'>crudeliter</span> <span class='ocrx_word' id='word_1_28' title='bbox 1655 573 1720 630; x_wconf 87' lang='lat' dir='ltr'>in</span> 
     </span>
     <span class='ocr_line' id='line_1_6' title="bbox 31 653 1725 744; baseline -0.002 -24"><span class='ocrx_word' id='word_1_29' title='bbox 31 661 332 744; x_wconf 87' lang='lat' dir='ltr'>plurimos</span> <span class='ocrx_word' id='word_1_30' title='bbox 369 667 430 714; x_wconf 88' lang='lat' dir='ltr'>et</span> <span class='ocrx_word' id='word_1_31' title='bbox 472 656 537 712; x_wconf 87' lang='lat' dir='ltr'>in</span> <span class='ocrx_word' id='word_1_32' title='bbox 582 653 1037 737; x_wconf 85' lang='lat' dir='ltr'>praejudicium</span> <span class='ocrx_word' id='word_1_33' title='bbox 1076 657 1382 718; x_wconf 81' lang='lat' dir='ltr'>libertatis</span> <span class='ocrx_word' id='word_1_34' title='bbox 1420 660 1725 718; x_wconf 87' lang='lat' dir='ltr'>constitu-</span> 
     </span>
     <span class='ocr_line' id='line_1_7' title="bbox 33 743 1725 829; baseline 0.003 -28"><span class='ocrx_word' id='word_1_35' title='bbox 33 756 118 822; x_wconf 76' lang='lat' dir='ltr'>it,</span> <span class='ocrx_word' id='word_1_36' title='bbox 181 744 539 826; x_wconf 80' lang='lat' dir='ltr'>gravissima</span> <span class='ocrx_word' id='word_1_37' title='bbox 596 743 836 802; x_wconf 88' lang='lat' dir='ltr'>tributa</span> <span class='ocrx_word' id='word_1_38' title='bbox 894 746 1256 827; x_wconf 87' lang='lat' dir='ltr'>imperavit,</span> <span class='ocrx_word' id='word_1_39' title='bbox 1319 758 1381 806; x_wconf 89' lang='lat' dir='ltr'>et</span> <span class='ocrx_word' id='word_1_40' title='bbox 1418 747 1725 829; x_wconf 87' lang='lat' dir='ltr'>imperata</span> 
     </span>
     <span class='ocr_line' id='line_1_8' title="bbox 28 827 1729 913; baseline 0 -19"><span class='ocrx_word' id='word_1_41' title='bbox 28 833 246 894; x_wconf 82' lang='lat' dir='ltr'>acerbe</span> <span class='ocrx_word' id='word_1_42' title='bbox 285 832 514 912; x_wconf 75' lang='lat' dir='ltr'>exequi</span> <span class='ocrx_word' id='word_1_43' title='bbox 556 827 747 913; x_wconf 86' lang='lat' dir='ltr'>jussit.</span> <span class='ocrx_word' id='word_1_44' title='bbox 811 831 923 892; x_wconf 89' lang='lat' dir='ltr'>His</span> <span class='ocrx_word' id='word_1_45' title='bbox 962 832 1152 893; x_wconf 88' lang='lat' dir='ltr'>rebus</span> <span class='ocrx_word' id='word_1_46' title='bbox 1198 834 1543 894; x_wconf 87' lang='lat' dir='ltr'>incolarum</span> <span class='ocrx_word' id='word_1_47' title='bbox 1591 837 1729 894; x_wconf 80' lang='lat' dir='ltr'>ani-</span> 
     </span>
     <span class='ocr_line' id='line_1_9' title="bbox 30 918 1729 1001; baseline 0.002 -22"><span class='ocrx_word' id='word_1_48' title='bbox 30 923 142 981; x_wconf 89' lang='lat' dir='ltr'>mis</span> <span class='ocrx_word' id='word_1_49' title='bbox 177 919 256 978; x_wconf 90' lang='lat' dir='ltr'>ab</span> <span class='ocrx_word' id='word_1_50' title='bbox 277 918 570 1001; x_wconf 84' lang='lat' dir='ltr'>Hispanis</span> <span class='ocrx_word' id='word_1_51' title='bbox 602 918 864 1001; x_wconf 86' lang='lat' dir='ltr'>amplius</span> <span class='ocrx_word' id='word_1_52' title='bbox 894 920 1285 995; x_wconf 83' lang='lat' dir='ltr'>abalienatiS,</span> <span class='ocrx_word' id='word_1_53' title='bbox 1325 925 1538 981; x_wconf 60' lang='lat' dir='ltr'>Gen-sii</span> <span class='ocrx_word' id='word_1_54' title='bbox 1571 925 1729 983; x_wconf 87' lang='lat' dir='ltr'>ami—</span> 
     </span>
     <span class='ocr_line' id='line_1_10' title="bbox 32 1009 1729 1096; baseline 0.002 -27"><span class='ocrx_word' id='word_1_55' title='bbox 32 1010 239 1069; x_wconf 84' lang='lat' dir='ltr'>citiam</span> <span class='ocrx_word' id='word_1_56' title='bbox 292 1023 614 1065; x_wconf 88' lang='lat' dir='ltr'>armorum</span> <span class='ocrx_word' id='word_1_57' title='bbox 654 1021 796 1066; x_wconf 87' lang='lat' dir='ltr'>cum</span> <span class='ocrx_word' id='word_1_58' title='bbox 832 1009 1057 1067; x_wconf 81' lang='lat' dir='ltr'>vicinis</span> <span class='ocrx_word' id='word_1_59' title='bbox 1091 1010 1371 1068; x_wconf 88' lang='lat' dir='ltr'>ineuntes</span> <span class='ocrx_word' id='word_1_60' title='bbox 1394 1056 1412 1082; x_wconf 92' lang='lat'>,</span> <span class='ocrx_word' id='word_1_61' title='bbox 1482 1012 1549 1068; x_wconf 91' lang='lat' dir='ltr'>in</span> <span class='ocrx_word' id='word_1_62' title='bbox 1596 1013 1729 1096; x_wconf 87' lang='lat' dir='ltr'>pri-</span> 
     </span>
     <span class='ocr_line' id='line_1_11' title="bbox 32 1093 1729 1180; baseline 0.002 -24"><span class='ocrx_word' id='word_1_63' title='bbox 32 1120 132 1156; x_wconf 88' lang='lat' dir='ltr'>ma</span> <span class='ocrx_word' id='word_1_64' title='bbox 171 1118 376 1180; x_wconf 81' lang='lat' dir='ltr'>pugna</span> <span class='ocrx_word' id='word_1_65' title='bbox 413 1093 490 1153; x_wconf 89' lang='lat' dir='ltr'>ad</span> <span class='ocrx_word' id='word_1_66' title='bbox 522 1098 907 1154; x_wconf 73' lang='lat' dir='ltr'>Hercletmm</span> <span class='ocrx_word' id='word_1_67' title='bbox 945 1094 1245 1156; x_wconf 88' lang='lat' dir='ltr'>foederati</span> <span class='ocrx_word' id='word_1_68' title='bbox 1285 1099 1437 1156; x_wconf 86' lang='lat' dir='ltr'>victi</span> <span class='ocrx_word' id='word_1_69' title='bbox 1471 1097 1613 1159; x_wconf 88' lang='lat' dir='ltr'>VII.</span> <span class='ocrx_word' id='word_1_70' title='bbox 1649 1101 1729 1160; x_wconf 87' lang='lat' dir='ltr'>si-</span> 
     </span>
     <span class='ocr_line' id='line_1_12' title="bbox 29 1181 1730 1267; baseline 0.002 -25"><span class='ocrx_word' id='word_1_71' title='bbox 29 1208 148 1267; x_wconf 80' lang='lat' dir='ltr'>gna</span> <span class='ocrx_word' id='word_1_72' title='bbox 197 1185 574 1257; x_wconf 85' lang='lat' dir='ltr'>amiserunt,</span> <span class='ocrx_word' id='word_1_73' title='bbox 640 1206 832 1266; x_wconf 85' lang='lat' dir='ltr'>quam</span> <span class='ocrx_word' id='word_1_74' title='bbox 873 1181 1112 1243; x_wconf 83' lang='lat' dir='ltr'>cladem</span> <span class='ocrx_word' id='word_1_75' title='bbox 1162 1187 1520 1243; x_wconf 76' lang='lat' dir='ltr'>Ludovicas</span> <span class='ocrx_word' id='word_1_76' title='bbox 1559 1191 1730 1246; x_wconf 78' lang='lat' dir='ltr'>Nas-</span> 
     </span>
     <span class='ocr_line' id='line_1_13' title="bbox 33 1269 1733 1334; baseline 0.002 -3"><span class='ocrx_word' id='word_1_77' title='bbox 33 1276 235 1331; x_wconf 74' lang='lat' dir='ltr'>sovizcs</span> <span class='ocrx_word' id='word_1_78' title='bbox 299 1271 653 1329; x_wconf 75' lang='lat' dir='ltr'>Arausiaci</span> <span class='ocrx_word' id='word_1_79' title='bbox 709 1270 903 1330; x_wconf 87' lang='lat' dir='ltr'>frater</span> <span class='ocrx_word' id='word_1_80' title='bbox 956 1269 1130 1331; x_wconf 85' lang='lat' dir='ltr'>clade</span> <span class='ocrx_word' id='word_1_81' title='bbox 1181 1270 1260 1333; x_wconf 85' lang='lat' dir='ltr'>ad</span> <span class='ocrx_word' id='word_1_82' title='bbox 1323 1276 1733 1334; x_wconf 73' lang='lat' dir='ltr'>Wnsclzotzcm</span> 
     </span>
     <span class='ocr_line' id='line_1_14' title="bbox 33 1358 1735 1437; baseline 0.001 -15"><span class='ocrx_word' id='word_1_83' title='bbox 33 1358 421 1435; x_wconf 81' lang='lat' dir='ltr'>reddiderat,</span> <span class='ocrx_word' id='word_1_84' title='bbox 484 1362 704 1419; x_wconf 91' lang='lat' dir='ltr'>amisso</span> <span class='ocrx_word' id='word_1_85' title='bbox 754 1373 959 1419; x_wconf 85' lang='lat' dir='ltr'>tamen</span> <span class='ocrx_word' id='word_1_86' title='bbox 999 1359 1192 1419; x_wconf 86' lang='lat' dir='ltr'>fratre</span> <span class='ocrx_word' id='word_1_87' title='bbox 1251 1361 1558 1437; x_wconf 76' lang='lat' dir='ltr'>Adolplm.</span> <span class='ocrx_word' id='word_1_88' title='bbox 1620 1365 1735 1423; x_wconf 84' lang='lat' dir='ltr'>Al-</span> 
     </span>
     <span class='ocr_line' id='line_1_15' title="bbox 32 1445 1737 1534; baseline 0.002 -25"><span class='ocrx_word' id='word_1_89' title='bbox 32 1465 165 1510; x_wconf 88' lang='lat' dir='ltr'>tera</span> <span class='ocrx_word' id='word_1_90' title='bbox 202 1449 387 1508; x_wconf 86' lang='lat' dir='ltr'>etiam</span> <span class='ocrx_word' id='word_1_91' title='bbox 412 1445 582 1506; x_wconf 87' lang='lat' dir='ltr'>clade</span> <span class='ocrx_word' id='word_1_92' title='bbox 617 1448 666 1506; x_wconf 87' lang='lat' dir='ltr'>F</span> <span class='ocrx_word' id='word_1_93' title='bbox 670 1445 941 1507; x_wconf 84' lang='lat' dir='ltr'>oederati</span> <span class='ocrx_word' id='word_1_94' title='bbox 979 1446 1057 1507; x_wconf 89' lang='lat' dir='ltr'>ad</span> <span class='ocrx_word' id='word_1_95' title='bbox 1098 1450 1462 1526; x_wconf 76' lang='lat' dir='ltr'>Gemingam</span> <span class='ocrx_word' id='word_1_96' title='bbox 1497 1465 1737 1534; x_wconf 88' lang='lat' dir='ltr'>septem</span> 
     </span>
     <span class='ocr_line' id='line_1_16' title="bbox 33 1534 1740 1620; baseline 0.002 -22"><span class='ocrx_word' id='word_1_97' title='bbox 33 1537 224 1598; x_wconf 87' lang='lat' dir='ltr'>millia</span> <span class='ocrx_word' id='word_1_98' title='bbox 258 1534 586 1596; x_wconf 89' lang='lat' dir='ltr'>hominum</span> <span class='ocrx_word' id='word_1_99' title='bbox 616 1550 677 1595; x_wconf 88' lang='lat' dir='ltr'>et</span> <span class='ocrx_word' id='word_1_100' title='bbox 717 1539 816 1596; x_wconf 84' lang='lat'>20.</span> <span class='ocrx_word' id='word_1_101' title='bbox 854 1536 1024 1618; x_wconf 81' lang='lat' dir='ltr'>signa</span> <span class='ocrx_word' id='word_1_102' title='bbox 1055 1539 1431 1614; x_wconf 82' lang='lat' dir='ltr'>amiserunt3</span> <span class='ocrx_word' id='word_1_103' title='bbox 1479 1561 1604 1620; x_wconf 87' lang='lat' dir='ltr'>qua</span> <span class='ocrx_word' id='word_1_104' title='bbox 1643 1554 1740 1600; x_wconf 87' lang='lat' dir='ltr'>ta-</span> 
     </span>
     <span class='ocr_line' id='line_1_17' title="bbox 34 1621 1737 1690; baseline 0.002 -4"><span class='ocrx_word' id='word_1_105' title='bbox 34 1650 176 1686; x_wconf 87' lang='lat' dir='ltr'>men</span> <span class='ocrx_word' id='word_1_106' title='bbox 205 1624 544 1684; x_wconf 81' lang='lat' dir='ltr'>calamitate</span> <span class='ocrx_word' id='word_1_107' title='bbox 584 1625 984 1683; x_wconf 77' lang='lat' dir='ltr'>Arausiacus</span> <span class='ocrx_word' id='word_1_108' title='bbox 1019 1621 1183 1683; x_wconf 87' lang='lat' dir='ltr'>haud</span> <span class='ocrx_word' id='word_1_109' title='bbox 1215 1627 1470 1685; x_wconf 86' lang='lat' dir='ltr'>territus</span> <span class='ocrx_word' id='word_1_110' title='bbox 1493 1648 1737 1690; x_wconf 89' lang='lat' dir='ltr'>novum</span> 
     </span>
     <span class='ocr_line' id='line_1_18' title="bbox 40 1712 1737 1796; baseline 0.002 -22"><span class='ocrx_word' id='word_1_111' title='bbox 40 1715 388 1774; x_wconf 78' lang='lat' dir='ltr'>exercitum</span> <span class='ocrx_word' id='word_1_112' title='bbox 427 1713 494 1770; x_wconf 85' lang='lat' dir='ltr'>in</span> <span class='ocrx_word' id='word_1_113' title='bbox 532 1712 819 1793; x_wconf 78' lang='lat' dir='ltr'>Belgium</span> <span class='ocrx_word' id='word_1_114' title='bbox 854 1714 1264 1795; x_wconf 87' lang='lat' dir='ltr'>transposuit,</span> <span class='ocrx_word' id='word_1_115' title='bbox 1312 1736 1503 1796; x_wconf 88' lang='lat' dir='ltr'>quem</span> <span class='ocrx_word' id='word_1_116' title='bbox 1545 1717 1737 1777; x_wconf 89' lang='lat' dir='ltr'>etiam</span> 
     </span>
     <span class='ocr_line' id='line_1_19' title="bbox 39 1798 1736 1883; baseline 0.004 -23"><span class='ocrx_word' id='word_1_117' title='bbox 39 1803 322 1861; x_wconf 75' lang='lat' dir='ltr'>Albanas</span> <span class='ocrx_word' id='word_1_118' title='bbox 350 1799 693 1859; x_wconf 88' lang='lat' dir='ltr'>cunctando</span> <span class='ocrx_word' id='word_1_119' title='bbox 713 1798 933 1881; x_wconf 78' lang='lat' dir='ltr'>fregit,</span> <span class='ocrx_word' id='word_1_120' title='bbox 966 1798 1313 1883; x_wconf 87' lang='lat' dir='ltr'>ducemque</span> <span class='ocrx_word' id='word_1_121' title='bbox 1346 1802 1528 1862; x_wconf 86' lang='lat' dir='ltr'>elusit</span> <span class='ocrx_word' id='word_1_122' title='bbox 1549 1802 1736 1866; x_wconf 90' lang='lat' dir='ltr'>adeo:</span> 
     </span>
     <span class='ocr_line' id='line_1_20' title="bbox 42 1887 1739 1962; baseline 0.004 -14"><span class='ocrx_word' id='word_1_123' title='bbox 42 1902 111 1948; x_wconf 86' lang='lat' dir='ltr'>ut</span> <span class='ocrx_word' id='word_1_124' title='bbox 174 1889 520 1949; x_wconf 79' lang='lat' dir='ltr'>exercitum</span> <span class='ocrx_word' id='word_1_125' title='bbox 574 1889 639 1945; x_wconf 86' lang='lat' dir='ltr'>in</span> <span class='ocrx_word' id='word_1_126' title='bbox 684 1887 984 1962; x_wconf 77' lang='lat' dir='ltr'>Galliam,</span> <span class='ocrx_word' id='word_1_127' title='bbox 1046 1888 1189 1949; x_wconf 90' lang='lat' dir='ltr'>inde</span> <span class='ocrx_word' id='word_1_128' title='bbox 1230 1891 1295 1950; x_wconf 91' lang='lat' dir='ltr'>in</span> <span class='ocrx_word' id='word_1_129' title='bbox 1335 1891 1739 1954; x_wconf 85' lang='lat' dir='ltr'>Germaniam</span> 
     </span>
     <span class='ocr_line' id='line_1_21' title="bbox 46 1977 1740 2064; baseline 0.002 -26"><span class='ocrx_word' id='word_1_130' title='bbox 46 1977 353 2038; x_wconf 81' lang='lat' dir='ltr'>reducere</span> <span class='ocrx_word' id='word_1_131' title='bbox 392 1989 766 2058; x_wconf 72' lang='lat' dir='ltr'>cogeretur,</span> <span class='ocrx_word' id='word_1_132' title='bbox 828 1998 960 2058; x_wconf 85' lang='lat' dir='ltr'>quo</span> <span class='ocrx_word' id='word_1_133' title='bbox 997 1997 1276 2037; x_wconf 90' lang='lat' dir='ltr'>successu</span> <span class='ocrx_word' id='word_1_134' title='bbox 1311 1979 1740 2064; x_wconf 86' lang='lat' dir='ltr'>Hispanorum</span> 
     </span>
     <span class='ocr_line' id='line_1_22' title="bbox 44 2062 1743 2149; baseline 0.005 -25"><span class='ocrx_word' id='word_1_135' title='bbox 44 2063 167 2149; x_wconf 84' lang='lat' dir='ltr'>jam</span> <span class='ocrx_word' id='word_1_136' title='bbox 209 2079 414 2124; x_wconf 88' lang='lat' dir='ltr'>actum</span> <span class='ocrx_word' id='word_1_137' title='bbox 453 2087 580 2125; x_wconf 88' lang='lat' dir='ltr'>esse</span> <span class='ocrx_word' id='word_1_138' title='bbox 623 2062 953 2123; x_wconf 83' lang='lat' dir='ltr'>videbatur</span> <span class='ocrx_word' id='word_1_139' title='bbox 991 2063 1068 2125; x_wconf 89' lang='lat' dir='ltr'>de</span> <span class='ocrx_word' id='word_1_140' title='bbox 1103 2065 1593 2128; x_wconf 86' lang='lat' dir='ltr'>Foederatorum</span> <span class='ocrx_word' id='word_1_141' title='bbox 1635 2093 1743 2132; x_wconf 86' lang='lat' dir='ltr'>re-</span> 
     </span>
     <span class='ocr_line' id='line_1_23' title="bbox 48 2154 1743 2236; baseline 0.004 -23"><span class='ocrx_word' id='word_1_142' title='bbox 48 2155 197 2230; x_wconf 73' lang='lat' dir='ltr'>bus,</span> <span class='ocrx_word' id='word_1_143' title='bbox 272 2155 558 2212; x_wconf 75' lang='lat' dir='ltr'>Albanus</span> <span class='ocrx_word' id='word_1_144' title='bbox 640 2154 806 2211; x_wconf 87' lang='lat' dir='ltr'>enim</span> <span class='ocrx_word' id='word_1_145' title='bbox 883 2175 1384 2236; x_wconf 86' lang='lat' dir='ltr'>quaquaversum</span> <span class='ocrx_word' id='word_1_146' title='bbox 1445 2156 1618 2217; x_wconf 85' lang='lat' dir='ltr'>ferro</span> <span class='ocrx_word' id='word_1_147' title='bbox 1679 2174 1743 2219; x_wconf 87' lang='lat' dir='ltr'>et</span> 
     </span>
     <span class='ocr_line' id='line_1_24' title="bbox 42 2241 1808 2327; baseline 0.004 -27"><span class='ocrx_word' id='word_1_148' title='bbox 42 2244 184 2326; x_wconf 81' lang='lat' dir='ltr'>igne</span> <span class='ocrx_word' id='word_1_149' title='bbox 223 2241 428 2301; x_wconf 85' lang='lat' dir='ltr'>Urbes</span> <span class='ocrx_word' id='word_1_150' title='bbox 475 2255 786 2309; x_wconf 80' lang='lat' dir='ltr'>evastans,</span> <span class='ocrx_word' id='word_1_151' title='bbox 848 2244 1035 2301; x_wconf 87' lang='lat' dir='ltr'>variis</span> <span class='ocrx_word' id='word_1_152' title='bbox 1085 2244 1440 2327; x_wconf 81' lang='lat' dir='ltr'>suppliciis,</span> <span class='ocrx_word' id='word_1_153' title='bbox 1485 2244 1741 2307; x_wconf 88' lang='lat' dir='ltr'>decimis</span> <span class='ocrx_word' id='word_1_154' title='bbox 1806 2294 1808 2296; x_wconf 26' lang='grc' dir='ltr'>ψ</span> 
     </span>
     <span class='ocr_line' id='line_1_25' title="bbox 43 2328 1743 2413; baseline 0.002 -22"><span class='ocrx_word' id='word_1_155' title='bbox 43 2345 106 2392; x_wconf 88' lang='lat' dir='ltr'>et</span> <span class='ocrx_word' id='word_1_156' title='bbox 141 2331 443 2390; x_wconf 88' lang='lat' dir='ltr'>vicesimis</span> <span class='ocrx_word' id='word_1_157' title='bbox 478 2328 886 2413; x_wconf 80' lang='lat' dir='ltr'>grassabatur.</span> <span class='ocrx_word' id='word_1_158' title='bbox 920 2330 1167 2391; x_wconf 81' lang='lat' dir='ltr'>Interea</span> <span class='ocrx_word' id='word_1_159' title='bbox 1205 2336 1573 2393; x_wconf 74' lang='lat' dir='ltr'>Wllzelmas</span> <span class='ocrx_word' id='word_1_160' title='bbox 1606 2338 1743 2395; x_wconf 78' lang='lat' dir='ltr'>Lu-</span> 
     </span>
     <span class='ocr_line' id='line_1_26' title="bbox 44 2418 1743 2484; baseline 0.003 -6"><span class='ocrx_word' id='word_1_161' title='bbox 44 2443 213 2479; x_wconf 73' lang='lat' dir='ltr'>meas</span> <span class='ocrx_word' id='word_1_162' title='bbox 255 2419 526 2479; x_wconf 87' lang='lat' dir='ltr'>Marciae</span> <span class='ocrx_word' id='word_1_163' title='bbox 561 2420 780 2479; x_wconf 90' lang='lat' dir='ltr'>Comes</span> <span class='ocrx_word' id='word_1_164' title='bbox 823 2418 1021 2479; x_wconf 87' lang='lat' dir='ltr'>milite</span> <span class='ocrx_word' id='word_1_165' title='bbox 1066 2442 1144 2481; x_wconf 74' lang='lat' dir='ltr'>ex</span> <span class='ocrx_word' id='word_1_166' title='bbox 1195 2418 1508 2482; x_wconf 89' lang='lat' dir='ltr'>Britannis</span> <span class='ocrx_word' id='word_1_167' title='bbox 1555 2423 1743 2484; x_wconf 86' lang='lat' dir='ltr'>colle-</span> 
     </span>
     <span class='ocr_line' id='line_1_27' title="bbox 43 2507 1742 2591; baseline 0.002 -23"><span class='ocrx_word' id='word_1_168' title='bbox 43 2522 178 2581; x_wconf 84' lang='lat' dir='ltr'>ctO,</span> <span class='ocrx_word' id='word_1_169' title='bbox 240 2510 490 2564; x_wconf 76' lang='lat' dir='ltr'>Brilam</span> <span class='ocrx_word' id='word_1_170' title='bbox 529 2518 783 2591; x_wconf 85' lang='lat' dir='ltr'>portum</span> <span class='ocrx_word' id='word_1_171' title='bbox 839 2507 1206 2569; x_wconf 87' lang='lat' dir='ltr'>Hollandiae</span> <span class='ocrx_word' id='word_1_172' title='bbox 1254 2511 1438 2570; x_wconf 83' lang='lat'><strong>1572.</strong></span> <span class='ocrx_word' id='word_1_173' title='bbox 1478 2510 1742 2573; x_wconf 87' lang='lat' dir='ltr'>feliciter</span> 
     </span>
     <span class='ocr_line' id='line_1_28' title="bbox 47 2593 1740 2678; baseline 0.003 -23"><span class='ocrx_word' id='word_1_174' title='bbox 47 2598 213 2678; x_wconf 80' lang='lat' dir='ltr'>cepit</span> <span class='ocrx_word' id='word_1_175' title='bbox 260 2607 321 2656; x_wconf 89' lang='lat' dir='ltr'>et</span> <span class='ocrx_word' id='word_1_176' title='bbox 357 2618 528 2656; x_wconf 90' lang='lat' dir='ltr'>mare</span> <span class='ocrx_word' id='word_1_177' title='bbox 567 2593 854 2655; x_wconf 88' lang='lat' dir='ltr'>infestum</span> <span class='ocrx_word' id='word_1_178' title='bbox 898 2595 1186 2657; x_wconf 88' lang='lat' dir='ltr'>reddidit.</span> <span class='ocrx_word' id='word_1_179' title='bbox 1254 2599 1538 2658; x_wconf 77' lang='lat' dir='ltr'>Albanus</span> <span class='ocrx_word' id='word_1_180' title='bbox 1584 2621 1740 2659; x_wconf 87' lang='lat' dir='ltr'>vero</span> 
     </span>
     <span class='ocr_line' id='line_1_29' title="bbox 48 2683 1742 2765; baseline 0.003 -24"><span class='ocrx_word' id='word_1_181' title='bbox 48 2683 256 2744; x_wconf 87' lang='lat' dir='ltr'>Urbes</span> <span class='ocrx_word' id='word_1_182' title='bbox 286 2685 473 2743; x_wconf 87' lang='lat' dir='ltr'>armis</span> <span class='ocrx_word' id='word_1_183' title='bbox 511 2697 796 2765; x_wconf 88' lang='lat' dir='ltr'>repetens</span> <span class='ocrx_word' id='word_1_184' title='bbox 822 2687 1200 2745; x_wconf 73' lang='lat' dir='ltr'>Harlemam</span> <span class='ocrx_word' id='word_1_185' title='bbox 1239 2685 1518 2761; x_wconf 88' lang='lat' dir='ltr'>obsedit,</span> <span class='ocrx_word' id='word_1_186' title='bbox 1565 2700 1628 2746; x_wconf 88' lang='lat' dir='ltr'>et</span> <span class='ocrx_word' id='word_1_187' title='bbox 1663 2685 1742 2746; x_wconf 89' lang='lat' dir='ltr'>ad</span> 
     </span>
     <span class='ocr_line' id='line_1_30' title="bbox 53 2771 1743 2835; baseline 0.004 -7"><span class='ocrx_word' id='word_1_188' title='bbox 53 2785 360 2831; x_wconf 84' lang='lat' dir='ltr'>terrorem</span> <span class='ocrx_word' id='word_1_189' title='bbox 408 2771 835 2831; x_wconf 87' lang='lat' dir='ltr'>incutiendum</span> <span class='ocrx_word' id='word_1_190' title='bbox 881 2773 1136 2831; x_wconf 79' lang='lat' dir='ltr'>Antonii</span> <span class='ocrx_word' id='word_1_191' title='bbox 1166 2777 1413 2833; x_wconf 75' lang='lat' dir='ltr'>Pinteri</span> <span class='ocrx_word' id='word_1_192' title='bbox 1462 2773 1743 2835; x_wconf 87' lang='lat' dir='ltr'>foedera-</span> 
     </span>
     <span class='ocr_line' id='line_1_31' title="bbox 60 2860 1744 2941; baseline 0.006 -25"><span class='ocrx_word' id='word_1_193' title='bbox 60 2860 108 2916; x_wconf 76' lang='lat' dir='ltr'>ti</span> <span class='ocrx_word' id='word_1_194' title='bbox 160 2874 346 2941; x_wconf 87' lang='lat' dir='ltr'>caput</span> <span class='ocrx_word' id='word_1_195' title='bbox 409 2882 444 2919; x_wconf 88' lang='lat' dir='ltr'>e</span> <span class='ocrx_word' id='word_1_196' title='bbox 499 2873 811 2921; x_wconf 87' lang='lat' dir='ltr'>tormento</span> <span class='ocrx_word' id='word_1_197' title='bbox 866 2863 929 2917; x_wconf 90' lang='lat' dir='ltr'>in</span> <span class='ocrx_word' id='word_1_198' title='bbox 977 2862 1217 2923; x_wconf 87' lang='lat' dir='ltr'>Urbem</span> <span class='ocrx_word' id='word_1_199' title='bbox 1272 2865 1468 2939; x_wconf 76' lang='lat' dir='ltr'>misit,</span> <span class='ocrx_word' id='word_1_200' title='bbox 1515 2863 1744 2927; x_wconf 86' lang='lat' dir='ltr'>obsessi</span> 
     </span>
     <span class='ocr_line' id='line_1_32' title="bbox 57 2947 1744 3033; baseline 0.005 -27"><span class='ocrx_word' id='word_1_201' title='bbox 57 2959 262 3009; x_wconf 84' lang='lat' dir='ltr'>autem</span> <span class='ocrx_word' id='word_1_202' title='bbox 308 2947 416 3008; x_wconf 89' lang='lat' dir='ltr'>XI.</span> <span class='ocrx_word' id='word_1_203' title='bbox 465 2951 668 3033; x_wconf 86' lang='lat' dir='ltr'>capita</span> <span class='ocrx_word' id='word_1_204' title='bbox 712 2949 1002 3032; x_wconf 87' lang='lat' dir='ltr'>Hispanis</span> <span class='ocrx_word' id='word_1_205' title='bbox 1057 2950 1316 3014; x_wconf 87' lang='lat' dir='ltr'>abscissa</span> <span class='ocrx_word' id='word_1_206' title='bbox 1370 2954 1744 3015; x_wconf 88' lang='lat' dir='ltr'>remiserunt</span> 
     </span>
    </p>
   </div>
   <div class='ocr_carea' id='block_1_3' title="bbox 887 3059 1656 3105">
    <p class='ocr_par' dir='ltr' id='par_1_3' title="bbox 887 3059 1656 3105">
     <span class='ocr_line' id='line_1_33' title="bbox 887 3059 1656 3105; baseline 0.013 -11"><span class='ocrx_word' id='word_1_207' title='bbox 887 3059 918 3094; x_wconf 79' lang='lat'><strong><em>3</em></strong></span> <span class='ocrx_word' id='word_1_208' title='bbox 1511 3062 1656 3105; x_wconf 78' lang='lat' dir='ltr'>cum</span> 
     </span>
    </p>
   </div>
  </div>
 </body>
</html>
