1940 3672
285 177 366 239 98
795 183 1222 241 Historia

194 341 336 403 dem
373 354 501 404 tota
532 345 789 406 Francia
842 347 1108 430 potitus,
1155 345 1550 402 Brzcneclzilcl
1581 366 1640 401 m
1671 342 1880 402 factio-

196 451 323 490 sam
360 431 635 516 alioquin
678 434 1022 507 mulierem,
1067 432 1236 516 quod
1268 432 1479 493 decem
1516 433 1713 514 Reges
1759 429 1882 511 jam

193 517 531 594 occidisset,
579 542 762 581 cursu
791 543 1096 602 equorum
1120 519 1420 580 ferocium
1454 519 1721 601 discerpi
1745 517 1872 601 jus-

190 607 305 665 sit:
353 606 424 683 a)
471 611 765 683 Pipinzmz
817 610 1252 666 carolomanni
1285 607 1479 666 filium
1526 609 1730 690 primo
1762 607 1876 664 du-

190 714 327 754 cem
376 694 782 767 Brabantiae‚
831 693 974 754 dein
1014 695 1186 754 aulae
1233 696 1617 756 Praefectum
1647 698 1873 769 fllajor

189 785 405 840 domus
461 780 694 840 dictum
753 783 1021 856 creavit,
1070 797 1133 842 et
1181 785 1618 861 Dccgobercum
1677 782 1874 841 filium

188 888 600 928 successorem
648 868 1008 950 relinquens
1052 872 1406 952 exspiravit.
1457 873 1600 933 629.
1648 873 1879 948 Dago-

185 958 399 1014 bertas
431 959 526 1016 12.
572 978 761 1016 annos
795 969 973 1017 natus
995 958 1288 1018 Metensis
1314 959 1599 1042 Episcopi
1634 961 1878 1018 Amul-

172 1046 299 1121 plzi
338 1044 566 1105 tutelae
613 1045 909 1121 traditus,
976 1044 1086 1105 ubi
1143 1044 1507 1106 adolevisset
1557 1050 1622 1104 in
1669 1045 1880 1106 libidi-

188 1155 335 1193 nem
412 1132 641 1194 effusus
684 1179 700 1209 ‚
767 1147 838 1193 ut
908 1132 1345 1193 immoderatos
1434 1149 1667 1193 sumtus
1755 1133 1881 1193 fer-

183 1243 258 1281 re
313 1235 555 1304 posset,
618 1224 903 1281 maximis
963 1223 1216 1281 tributis
1262 1221 1560 1305 populum
1615 1222 1875 1297 afflixit3

188 1311 372 1391 eique
404 1313 693 1371 successit
739 1313 1115 1368 Clodovccezcs
1179 1311 1265 1367 Il.
1314 1308 1472 1368 filius
1538 1311 1632 1370 12.
1683 1330 1876 1368 annos

184 1411 362 1456 natus
386 1442 402 1470 ‚
449 1420 483 1455 a
536 1397 827 1480 singulari
874 1401 937 1456 in
974 1417 1183 1458 omnes
1217 1396 1600 1480 benignitate
1630 1396 1832 1456 clarus
1859 1443 1876 1473 ,

182 1498 254 1545 ut
299 1484 621 1546 imbecillis
657 1489 878 1567 exigua
924 1486 1194 1568 pollebat
1239 1488 1640 1558 auctoritate,
1688 1508 1877 1567 quam

190 1576 588 1632 Grimoczlclus
643 1572 847 1656 Major
896 1574 1144 1648 domus,
1193 1573 1422 1656 aliique
1463 1595 1749 1657 proceres
1798 1571 1876 1631 ad

180 1682 246 1722 se
294 1658 643 1735 trahenteS,
694 1664 1024 1744 imperium
1087 1661 1408 1721 turbidum
1477 1665 1697 1721 evasit:
1767 1662 1868 1720 cui

178 1751 466 1810 successit
515 1749 658 1809 660.
719 1748 878 1808 filius
926 1750 1300 1810 imbecillior
1362 1752 1677 1808 Clotarz'us
1737 1751 1867 1806 III.

183 1859 372 1919 quem
419 1851 640 1917 quarto
667 1850 805 1920 post
839 1861 1002 1897 anno
1023 1839 1267 1918 excepit
1296 1835 1489 1895 frater
1534 1840 1873 1895 Theodori-

179 1946 304 2000 cch‚
352 1927 459 2007 qui
486 1924 562 1983 ab
581 1927 857 1983 Ebroz‘no
909 1923 1144 2007 Majore
1171 1923 1394 1984 domus
1426 1923 1714 1985 detonsus
1738 1926 1869 2008 pri-

176 2034 280 2072 mo
327 2014 647 2094 regiminis
699 2035 862 2072 anno
920 2013 995 2072 ad
1043 2016 1508 2086 ⁴monasterium
1583 2012 1871 2073 detrusus

176 2114 301 2161 est:
365 2099 620 2185 ejusque
681 2101 902 2162 solium
963 2103 1357 2161 Clzilderieus
1420 2103 1511 2159 II.
1582 2099 1871 2161 obtinens

177 2211 373 2271 quum
437 2203 577 2249 octo
630 2191 804 2249 annis
855 2203 1207 2273 regnasset,
1260 2213 1294 2247 a
1340 2193 1655 2248 Bczdilone
1729 2192 1871 2248 viro

175 2276 320 2337 alias
374 2277 574 2336 nobili
621 2300 808 2360 quem
862 2281 1056 2362 virgis
1111 2275 1283 2338 caedi
1336 2291 1697 2352 curaverat,
1747 2299 1869 2336 una

173 2386 316 2425 cum
355 2381 735 2449 praegnante
781 2388 982 2427 uxore
1026 2365 1365 2425 trucidatus
1424 2380 1547 2441 est3
1594 2389 1714 2447 qua
1764 2385 1868 2424 oc-

173 2455 419 2512 casione
465 2456 877 2513 Theodericus
922 2451 998 2513 ad
1031 2477 1295 2537 regnum
1336 2467 1701 2524 revocatus,
1752 2455 1869 2510 im-

174 2540 385 2602 hecilli
435 2544 642 2602 animo
692 2545 1026 2626 imperium
1056 2543 1403 2625 gubernare
1448 2544 1684 2624 coepit,
1734 2563 1862 2623 quo

172 2644 473 2712 regnante
509 2645 675 2690 tanta
712 2633 904 2692 evasit
939 2633 1205 2691 Ebroim’
1221 2633 1549 2689 auctoritas
1582 2644 1654 2688 ut
1692 2631 1858 2711 ipsos

169 2717 488 2799 Magnates
525 2734 726 2780 morte
772 2721 1040 2802 puniret,
1090 2721 1536 2778 Theocloricum
1576 2739 1729 2777 vero
1769 2717 1865 2774 cli-

168 2808 402 2887 gnitate
443 2807 656 2890 Regali
713 2807 919 2869 denuo
966 2822 1257 2885 exueret3
1303 2808 1404 2867 cui
1460 2807 1746 2867 successit
1791 2804 1864 2863 fi-

1648 2893 1772 2954 lius

240 3103 297 3165 a)
336 3099 483 3155 Paul.
518 3097 807 3155 Aemilian.
829 3106 884 3152 et
913 3095 1180 3167 Sigebert.
1231 3096 1290 3149 in
1324 3094 1533 3154 Chron.
