1940 3672
246 224 370 285 212
771 227 1217 287 Historia

157 410 364 458 retam
419 398 609 461 filiam
649 402 872 482 nuptui
919 399 1090 462 dedit
1143 405 1447 481 Haquino
1500 404 1846 484 Norvegiae

158 501 222 547 et
265 486 520 548 Sveciae
559 487 924 568 Regnorum
954 487 1238 565 haeredi,
1285 513 1414 573 quo
1451 492 1845 570 matrimonio

155 573 553 637 fundamenta
588 576 786 657 posita
819 589 960 634 sunt
982 577 1338 639 subsecutae
1378 580 1621 638 unionis
1648 581 1842 637 trium

154 685 527 744 regnorum:
596 662 821 743 quibus
857 666 1005 723 actis
1049 670 1315 726 moritur
1400 670 1846 726 Waldemarus

158 753 290 818 III.
342 753 524 812 1576.
570 751 652 828 a)

327 839 559 898 XVIII.
616 840 809 896 Olaas
847 852 1027 899 natus
1065 862 1141 899 ex
1193 845 1581 921 Ilffatgareta
1626 841 1843 903 defun-

152 929 196 985 ti
237 928 399 1008 regis
451 923 574 983 filia
629 939 691 985 et
734 929 1035 1005 Haqaino
1087 928 1434 1012 Norvegiae
1483 953 1665 1012 rege,
1728 933 1838 1012 qui

151 1017 214 1073 in
257 1015 389 1097 ipso
414 1012 753 1097 juventutis
786 1014 940 1075 flore
962 1029 1244 1075 mortuus
1282 1033 1446 1096 erat;
1491 1018 1663 1104 cujus
1699 1017 1843 1079 dein

151 1103 357 1162 Mater
398 1106 787 1181 Jtslcirgareta
831 1105 1098 1163 Daniam
1148 1105 1435 1167 obtinuit.

328 1191 503 1250 XIX.
554 1194 945 1270 Margareta
1006 1194 1247 1276 Regina
1311 1194 1620 1256 celebrem
1686 1216 1844 1277 epo·-

152 1275 329 1339 cham
366 1281 431 1337 in
462 1280 736 1339 Historia
777 1283 1099 1340 Danorum
1139 1284 1492 1357 constituit,
1540 1305 1682 1341 nam
1729 1283 1845 1342 sub

151 1390 220 1427 ea
259 1370 379 1426 tria
426 1389 617 1450 regna
657 1369 1181 1453 septemtrionalia
1235 1374 1299 1429 in
1350 1393 1543 1430 unum
1589 1373 1844 1454 imperi-

151 1478 258 1514 um
318 1455 743 1533 coaluerunt3
829 1474 1232 1540 posteaquam
1291 1462 1455 1519 enim
1511 1461 1844 1519 Albertam

154 1547 413 1603 Svecum
461 1567 494 1604 e
544 1567 758 1605 sorore
805 1544 1001 1606 filium
1051 1548 1428 1629 Norvegiam
1477 1561 1538 1606 et
1582 1547 1842 1608 Dani-am

149 1646 548 1714 appetentem
606 1631 768 1692 felici
849 1657 1053 1716 pugna
1131 1635 1580 1718 profligavisset
1606 1680 1620 1707 ,
1698 1659 1843 1696 mox

159 1723 343 1803 1597.
401 1724 761 1780 Ccclmczriae
807 1724 1199 1782 Conventum
1241 1724 1538 1782 ordinum
1583 1723 1843 1799 indixit,

151 1809 261 1868 ubi
319 1810 602 1869 Statuum
662 1809 916 1892 publico
979 1813 1248 1871 Decreto
1315 1814 1619 1871 sancitum
1674 1827 1842 1886 erat,

151 1911 222 1955 ut
259 1898 488 1968 Dama,
554 1899 870 1980 Norvegia
907 1914 970 1958 et
1014 1900 1229 1960 Sveeia
1267 1898 1558 1981 deinceps
1598 1922 1842 1985 semper

149 1984 264 2045 sub
303 1988 483 2045 unius
524 1989 787 2071 imperio
820 2002 1009 2060 esset,
1056 2011 1179 2069 qua
1224 1990 1664 2048 constitutione
1703 2012 1843 2072 pos-

151 2076 333 2135 sessio
374 2077 565 2134 trium
603 2097 943 2158 regnorum
975 2079 1398 2154 Margaretae
1435 2077 1674 2137 firmata
1714 2093 1802 2136 est
1826 2125 1842 2153 ‚

150 2185 340 2244 quam
392 2165 576 2223 etiam
634 2164 766 2223 latis
813 2168 935 2224 suis
1000 2165 1487 2225 institutionibus
1536 2167 1846 2250 sapienter

146 2250 598 2311 administravit
634 2275 831 2335 usque
869 2278 920 2311 a.
969 2253 1150 2314 1412.
1193 2256 1269 2334 b)

318 2341 460 2400 XX.
508 2343 740 2400 Ericas
784 2345 1164 2401 Pomercmas
1208 2344 1634 2420 Margaretae
1672 2364 1843 2402 soro-

143 2426 230 2487 ris
262 2450 339 2489 ex
378 2427 505 2487 filia
547 2451 740 2511 nepos
767 2473 784 2504 ,
832 2428 1126 2490 ordinum
1169 2452 1469 2490 consensu
1514 2432 1702 2490 trium
1741 2453 1843 2490 re-

1486 2540 1754 2601 gnorum

205 2632 281 2710 a)
314 2634 480 2688 Idem.
518 2636 651 2691 ibid.
681 2639 871 2690 Ericus
904 2637 1215 2708 Vpsalensis
1250 2638 1314 2693 L.
1349 2635 1398 2689 4.
1432 2638 1667 2691 Michael
1699 2641 1839 2690 Lae-

276 2716 390 2762 tus,
409 2707 768 2759 Francoforti.
811 2707 1039 2763 1574.1·n
1071 2707 1126 2763 4.
1162 2708 1325 2759 Olaus
1363 2709 1665 2762 VVormiuS.
1703 2709 1841 2761 Haf-

277 2779 414 2828 niae.
455 2775 604 2830 1642.
644 2779 701 2829 in
737 2777 786 2829 4.
831 2777 898 2850 b)
937 2781 1195 2830 Erasmus
1229 2779 1397 2830 Mich.
1422 2779 1649 2840 LaetuS,
1689 2781 1839 2831 Mar-

277 2848 644 2914 gareticorum
676 2849 846 2900 libros
888 2848 969 2901 10.
1027 2850 1247 2919 scripsit
1297 2848 1362 2898 de
1404 2850 1658 2901 conflictu
1692 2850 1838 2901 inter

275 2917 640 2986 Margaretam
681 2919 880 2972 Daniae
919 2920 1164 2986 reginam
1194 2927 1246 2969 et
1285 2918 1574 2971 Albertum
1618 2921 1837 2972 Sveciae

273 3004 460 3055 regem
504 2988 852 3042 Francoforti
915 2987 1066 3042 1573.
1125 2990 1182 3040 in
1240 2986 1286 3040 4.
1335 2989 1490 3061 cujus
1532 2990 1835 3042 Historiam

274 3058 439 3182 etiassm
474 3058 760 3113 adornavit
775 3059 1118 3114 Christianus
1141 3058 1381 3126 Cilicum,
1413 3060 1652 3115 Basileae
1686 3059 1837 3115 1570.

272 3145 330 3179 m
404 3166 418 3182 .
1134 3158 1137 3163 >
