1940 3672
465 162 787 219 Gallorum
816 167 882 214 et
914 157 1317 212 Francorum.
1515 155 1544 212 1
1558 155 1587 212 1
1600 155 1632 211 7

46 346 160 400 tim·
206 339 557 424 profligatus
605 355 819 417 pacem
872 335 1028 392 inire
1065 331 1285 392 debuit
1301 354 1318 407 3
1378 343 1517 415 post
1569 329 1719 392 haec

49 431 228 490 brevi
284 452 359 489 ex
408 437 654 506 accepto
699 423 762 480 in
820 419 1181 481 Hastiludiis
1233 417 1493 479 vulnere
1559 441 1726 479 mor-

48 531 187 575 tuus
222 530 310 576 est
353 511 532 572 1559.
580 509 714 567 Sub
772 529 845 568 eo
885 521 1101 568 exorta
1142 519 1283 566 sunt
1325 509 1533 588 gravia
1566 505 1728 566 bella

50 605 252 663 civilia
279 622 450 660 causa
487 596 825 677 religioni&
859 597 941 656 ob
991 611 1266 655 teneram
1301 593 1573 654 filiorum
1597 592 1730 676 ejus

51 703 305 752 aetatem
332 733 347 761 ‚
396 700 456 745 et
502 684 724 743 viduae
782 683 912 766 ejus
950 682 1248 766 regnandi
1293 682 1729 767 cupiditatem,

51 799 165 838 nec
218 797 340 833 non
377 775 741 854 Principum
784 773 1142 831 Guisiorum
1179 774 1555 855 potentiam,
1588 770 1732 851 qui-

54 866 167 924 bus
213 882 274 920 se
322 874 745 943 opposuerunt
816 862 1138 942 Principes
1192 861 1528 933 Bor-homi,
1582 860 1736 915 Con-

50 958 230 1019 deuS,
278 950 413 1007 Rex
468 948 785 1008 Navarrae
830 949 1142 1004 Antonius
1202 961 1264 1004 et
1316 947 1443 1005 dux
1495 949 1737 1004 Mome-

51 1040 299 1097 rantias
322 1081 337 1107 ‚
371 1037 488 1117 qui
528 1057 737 1110 omnes
774 1038 1048 1119 specioso
1068 1035 1387 1118 religionis
1422 1034 1602 1094 titulo
1636 1055 1736 1094 re-

49 1146 236 1207 gnum
268 1123 648 1182 affectabant.

158 1260 160 1262 ,
203 1212 371 1270 ΧΙΙΙ.
461 1213 835 1267 Francisezcs
873 1211 962 1267 II.
1011 1207 1275 1268 sedecim
1312 1227 1503 1265 annos
1533 1218 1732 1280 natu8‚

51 1322 245 1381 quum
290 1300 676 1382 potissimum
709 1298 980 1357 consiliis
1010 1298 1366 1354 Gaisioram
1390 1307 1738 1375 regeretur,

53 1389 253 1447 Mater
308 1409 461 1446 vero
531 1389 882 1443 (katharina
913 1388 1194 1443 Medicea
1238 1382 1314 1441 ad
1354 1385 1591 1463 regiam
1625 1403 1739 1465 po·-

52 1478 307 1532 tentiam
353 1473 811 1533 sustentandam
862 1477 1265 1550 Hugonottos
1311 1469 1464 1549 (seu
1523 1472 1740 1530 Prote-

47 1575 269 1622 stantes
321 1565 429 1643 qui
486 1584 600 1644 pro
668 1564 1088 1639 Capetingieis
1156 1557 1552 1640 Principibus
1616 1569 1743 1616 sta-

49 1650 238 1730 bant)
286 1664 784 1732 persequeretur,
832 1649 1204 1732 gravissimis
1240 1646 1417 1706 bellis
1457 1645 1745 1704 civilibus

52 1760 258 1796 ansam
310 1739 766 1819 praebuerunt,
814 1738 1042 1820 quibus
1089 1735 1289 1793 Gallia
1335 1732 1739 1794 vehementer

54 1840 187 1884 erat
231 1825 518 1883 convulsa
562 1827 720 1884 duce
767 1829 1079 1883 chclom'co
1128 1826 1446 1895 Condae05
1516 1843 1741 1882 verum

55 1911 483 1993 conjuratione
538 1915 1045 1994 Hugonottorum
1113 1925 1175 1971 et
1219 1910 1556 1971 nobilitatis
1614 1931 1748 1968 ma-

56 2014 195 2060 ture
254 1999 489 2060 detecta
533 2047 547 2075 7
613 2000 910 2060 foederati
966 1998 1125 2082 justo
1188 1999 1494 2082 supplicio
1544 1998 1748 2058 affecti

54 2101 228 2159 sunt,
287 2091 601 2146 Conclaeas
661 2091 845 2148 etiam
893 2103 953 2148 et
1001 2091 1310 2145 Antonius
1366 2091 1742 2145 Navarrae-

62 2200 134 2235 as
165 2175 355 2234 frater
390 2179 452 2233 in
493 2175 829 2235 custodiam
863 2175 1019 2249 dati,
1069 2175 1336 2235 interfici
1371 2174 1746 2252 debuissent3

58 2266 175 2323 nisi
237 2263 439 2322 subita
492 2287 655 2323 mors
703 2267 1034 2322 Franci-sei
1080 2267 1240 2346 regis
1278 2263 1746 2337 intervenisset,

62 2355 170 2434 qui
219 2353 282 2409 in
317 2351 571 2411 turbido
609 2375 822 2412 rerum
854 2365 1013 2411 statu
1058 2354 1188 2411 sine
1234 2349 1497 2412 haerede
1543 2349 1750 2411 deces-

66 2444 144 2499 sit
197 2440 358 2501 1560
400 2439 497 2517 a),
563 2443 662 2498 cui
703 2442 990 2499 successit
1023 2438 1211 2500 frater

219 2529 390 2586 XIV.
493 2530 752 2586 Cat-olas
799 2531 915 2585 IX.
964 2526 1138 2609 cujus
1187 2527 1443 2587 tutelam
1484 2533 1744 2611 suscepit

67 2616 270 2674 Mater
340 2618 693 2673 Caelum-ina
756 2619 1041 2674 Medicea
1102 2638 1172 2675 ea
1242 2616 1380 2697 lege
1449 2635 1750 2674 consensu

65 2705 385 2774 Statuum;
434 2718 500 2761 ut
537 2704 617 2761 ob
652 2703 921 2763 debilem
960 2705 1124 2784 regis
1164 2715 1427 2763 aetatem
1460 2702 1747 2760 Vicarius

70 2802 224 2850 esset
264 2793 700 2864 Navarraeas,
735 2792 940 2850 Mater
972 2812 1127 2850 vero
1152 2789 1594 2849 Gubernatrix.
1625 2791 1754 2846 Ini-

1576 2878 1665 2935 tio

142 3063 216 3131 (ι)
258 3062 541 3114 Thuanus.
580 3060 642 3116 L.
680 3059 764 3112 23.
817 3059 895 3113 24.
936 3061 1019 3113 24.
1060 3059 1144 3113 26.
