1940 3672
577 164 1074 236 Belgarum.
1478 147 1602 205 285

19 347 376 431 tapetiaque
431 337 835 413 conficiendi,
907 360 1021 420 qae
1086 355 1213 394 non
1272 342 1510 390 tantum
1577 327 1701 385 suis

17 437 228 496 usibus
270 433 603 493 inserviant
628 472 644 501 ‚
692 427 794 487 sed
839 429 902 485 in
936 426 1238 505 reliquam
1278 421 1461 477 etiam
1499 416 1701 472 Euro—

21 546 199 606 pam,
248 524 370 579 imo
433 531 493 576 et
532 515 743 574 Asiam
791 537 861 574 ac
924 512 1201 572 Africam
1267 506 1693 589 deportentur.

22 617 93 671 ln
131 609 423 679 PicturiS,
468 606 530 661 in
564 605 853 677 Musici3‚
897 605 956 659 in
1000 602 1312 660 variarum
1359 595 1706 674 lingvarum

27 691 401 779 acquirenda
433 695 787 772 cognitione
835 689 999 748 nulla
1037 690 1148 747 alia
1189 687 1356 745 natio
1387 686 1468 740 ita
1506 675 1708 738 excel-

29 786 118 844 lit.
208 780 362 840 Oleo
395 779 631 839 colores
686 782 946 838 miscere
994 781 1231 861 primus
1271 771 1482 831 docuit
1516 770 1708 826 Joan—

30 894 136 929 nes
175 871 443 926 Eiclcizcs,
535 867 952 928 Inveniuntur
1010 868 1071 924 in
1116 863 1326 943 Belgio
1370 852 1711 918 Bibliothe-

20 980 126 1019 cae
167 958 353 1015 variis
393 957 454 1020 in
501 955 681 1023 lociS,
741 956 987 1039 optimis
1039 951 1496 1028 rarissimisque
1533 942 1711 1001 libris

19 1043 322 1118 refertae,
370 1044 533 1104 inter
585 1067 736 1127 quas
777 1045 1216 1120 Lugdunensis
1254 1053 1316 1098 et
1359 1035 1712 1093 Lovam‘en-

25 1137 115 1190 sis
173 1132 580 1191 celeberrima
638 1147 743 1193 est.
854 1135 1021 1194 Hinc
1077 1131 1285 1213 plures
1339 1124 1714 1184 exstiterunt

22 1222 200 1294 Viri,
266 1222 376 1302 qui
432 1224 680 1303 scriptis
739 1226 863 1283 suis
933 1220 1215 1303 Belgium
1268 1215 1710 1272 illustrarunt:

26 1312 343 1390 signanter
381 1309 750 1370 Generalem
809 1310 1092 1392 Belgicae
1146 1300 1457 1364 Historiae
1496 1295 1713 1356 notiti-

25 1419 122 1456 am
176 1395 326 1456 fecit
376 1401 677 1456 Valerius
711 1402 998 1458 Andreas
1034 1394 1435 1460 Brea-selim,
1475 1389 1540 1445 in
1563 1383 1713 1445 Bib-

21 1482 251 1546 liothea
307 1484 590 1568 Belgica,
642 1499 704 1546 et
744 1490 1126 1546 Franciscccs
1165 1480 1468 1540 Swertius
1514 1476 1578 1533 in
1612 1467 1715 1529 A-

22 1570 226 1634 thenis
265 1573 507 1656 Belgiis.
600 1577 928 1636 Adrianus
994 1579 1159 1634 Pars
1224 1564 1418 1629 edidit
1471 1558 1713 1621 Catalo-

23 1684 172 1745 gum
209 1664 584 1746 scriptorum
623 1665 1058 1725 Batavicorum
1105 1674 1166 1720 et
1197 1650 1715 1717 Hollandicorum

26 1774 62 1809 a
127 1753 293 1808 Julio
353 1753 634 1810 Caesare.
704 1752 998 1834 Lugduni
1085 1752 1460 1810 Batavorum
1529 1736 1713 1799 1701.

29 1841 93 1898 in
138 1843 192 1898 4.
243 1841 306 1896 in
360 1840 587 1921 quibus
646 1853 895 1922 praeter
940 1840 1167 1923 justam
1211 1831 1714 1915 dispositionem,

28 1929 214 1986 etiam
259 1925 603 1987 Doctorum
640 1927 718 1988 de
753 1930 826 1987 iis
863 1926 1090 2011 judicia
1131 1934 1394 1986 enarrat.
1443 1916 1545 1976 Ad
1592 1926 1714 1973 sta—

28 2030 162 2075 tum
200 2014 700 2099 Geographicum
731 2016 926 2098 Belgii
953 2065 968 2093 ,
995 2027 1244 2101 praeter
1286 2008 1713 2067 Abrctlzccmum

39 2107 242 2163 Onteli
304 2125 374 2162 ac
426 2105 615 2178 alios,
676 2107 1234 2167 nominatissimum
1295 2117 1447 2181 opus
1522 2089 1716 2153 edidit

30 2194 386 2250 Ludovioas
433 2196 911 2255 Guicciarclinus
959 2195 1146 2253 latine
1183 2208 1432 2250 versum
1469 2182 1712 2241 Amste*

27 2279 257 2339 lodami
330 2282 513 2341 1655.
563 2284 627 2340 in
697 2285 794 2342 12.
851 2285 996 2343 item
1058 2281 1399 2358 Gregorius
1454 2273 1600 2329 Leti
1648 2286 1718 2325 ac

30 2371 360 2427 Martinus
408 2371 703 2429 ZeileruS.
750 2369 1173 2454 Antiquitates
1203 2366 1531 2447 Belgarum
1570 2357 1722 2417 scri*

31 2459 156 2543 psit
197 2459 421 2515 Petrus
484 2461 724 2516 Dictaei
784 2458 1172 2540 Antverpiae
1215 2453 1397 2514 1584.
1440 2449 1722 2507 Richar-

33 2548 147 2603 dzis
209 2548 282 2604 cle
332 2548 732 2625 Vassffzmg,
782 2546 1093 2608 Verdunii
1148 2543 1330 2603 1549.
1370 2537 1471 2598 fol.
1521 2536 1723 2593 Gene-

34 2632 225 2693 ralem
293 2632 485 2716 Belgii
536 2636 876 2694 Historiam
932 2633 1226 2696 exhibent
1285 2630 1564 2688 Annales
1616 2640 1721 2679 seu

37 2723 374 2778 Historiae
398 2746 608 2781 rerum
642 2727 1049 2800 Belgiearum
1092 2715 1484 2780 Francofurti
1536 2711 1722 2772 1580,

39 2808 104 2868 ΞΠ
146 2809 372 2888 ‘IUibUS
412 2811 980 2872 Celeberrimorum
1013 2811 1319 2873 Virorum
1343 2824 1531 2887 opera
1572 2819 1725 2856 eon--⁸

41 2895 358 2969 tinentur,
404 2900 493 2963 uti
552 2901 770 2961 Jacobi
821 2901 1089 2978 Meyeri.
1157 2892 1487 2957 Hadriani
1547 2890 1726 2944 Bar-

1448 2977 1635 3040 laudi.
