1940 3672
504 199 824 254 Gallorum
887 205 947 251 et
999 194 1403 253 Francorum.
1614 199 1692 258 97

99 366 274 422 tario
296 363 689 424 Suessionum
729 358 857 439 regi
880 358 1159 440 reliquit,
1198 354 1298 417 hic
1323 362 1643 418 Clotctrz'zes
1669 359 1786 420 fili-

95 473 206 510 um
252 474 427 511 suum
474 451 846 507 Clzrczmmcm
903 445 1198 506 rebellem
1250 461 1495 529 captum
1533 448 1598 527 a)
1644 469 1787 509 cum

99 561 298 600 uxore
337 553 397 599 et
427 535 667 596 filiabus
701 535 764 590 in
802 532 1116 614 tuguriolo
1141 538 1301 617 igne
1325 534 1681 608 combussit,
1730 553 1791 599 et

95 650 239 687 cum
273 626 432 686 solus
467 620 707 681 duobus
739 634 975 680 tantum
1016 625 1188 682 annis
1221 623 1554 705 imperium
1594 624 1790 683 Fran-

95 719 295 775 cicum
331 713 631 784 rexisset,
682 708 834 768 illud
891 725 1161 792 quatuor
1211 707 1350 770 filiis
1395 714 1486 770 uti
1560 715 1788 771 Chere-

92 806 295 871 berte),
351 800 696 872 Chilperioo
723 843 738 871 ,
794 801 1175 874 Guntrctm0‚
1224 813 1288 859 et
1329 801 1652 877 Sigeberto
1689 824 1790 862 re—

94 891 294 970 liquit.
345 885 436 943 Ex
472 883 564 945 his
628 888 1036 943 Cherebertzes
1096 890 1207 969 qui
1269 890 1508 972 primus
1565 911 1787 971 regum

90 978 478 1035 Francorum
513 973 702 1033 latine
758 976 968 1048 scivit,
1016 973 1281 1035 famosus
1330 979 1391 1036 in
1451 975 1686 1058 justitia
1725 990 1789 1038 et

89 1060 474 1146 impudicitia
502 1107 517 1136 ,
563 1084 707 1119 nam
756 1061 839 1122 ob
911 1060 1203 1145 rejectam
1247 1063 1587 1146 legitimam
1629 1088 1787 1126 uxo-

85 1172 223 1211 rem
258 1152 642 1227 Igobertom,
662 1161 722 1210 et
747 1150 1000 1209 ancillae
1021 1151 1442 1225 Merosfleclae
1459 1167 1786 1214 consvetu-

86 1238 293 1298 dinem
333 1261 365 1295 a
410 1238 469 1295 S.
502 1241 811 1296 Germano
848 1240 1175 1298 Parisiensi
1212 1239 1516 1323 Episcopo
1536 1263 1786 1301 excom-

88 1328 465 1400 municatus,
514 1349 681 1385 nono
734 1328 981 1409 imperii
1015 1348 1178 1384 anno
1212 1326 1403 1386 obiit:
1451 1342 1513 1386 et
1549 1350 1786 1388 succes-

83 1417 163 1474 sit
215 1416 270 1474 ei
304 1413 496 1474 frater
567 1417 950 1491 Chi-[periens
987 1413 1289 1473 similibus
1350 1418 1518 1474 vitiis
1569 1429 1785 1475 conta-

82 1505 350 1562 minatus
391 1502 572 1561 brevi
630 1526 665 1560 a
716 1502 1016 1561 fratribus
1075 1525 1270 1584 regno
1326 1503 1656 1585 spoliatuS,
1703 1504 1779 1562 li-

84 1605 182 1655 cet
229 1588 383 1649 illud
424 1593 923 1672 recuperaverit,
986 1590 1166 1650 brevi
1227 1605 1432 1652 tamen
1501 1592 1651 1650 dum
1703 1615 1783 1652 ex

82 1682 414 1740 venatione
471 1678 792 1749 rediisset,
841 1678 1182 1738 trucidatus
1223 1694 1327 1740 est.
1375 1703 1425 1739 a.
1471 1680 1615 1739 584.
1665 1682 1781 1740 Cui

83 1770 371 1829 successit
394 1768 694 1828 secundus
725 1767 884 1826 filius
939 1770 1257 1825 Clotarz'us
1303 1781 1572 1852 quatuor
1604 1790 1780 1830 men-

79 1879 172 1916 ses
198 1869 411 1929 nattis,
459 1852 634 1934 cujus
663 1870 862 1915 mater
907 1858 1337 1933 Freslegzmdis
1357 1857 1612 1917 militari
1653 1859 1781 1917 vir-

80 1956 216 2004 tute
266 1943 542 2027 praedita
579 1943 838 2013 femina,
886 1966 958 2003 eo
1010 1946 1333 2005 conamina
1375 1968 1479 2005 sua
1509 1945 1780 2007 feliciter

80 2035 429 2103 convertit,
478 2044 546 2089 ut
580 2031 695 2091 sub
734 2030 863 2113 ejus
914 2032 1102 2092 tutela
1162 2035 1496 2117 imperium
1562 2036 1780 2094 incon-

78 2141 323 2179 cussum
369 2133 886 2193 conservaretur,
937 2122 1060 2180 imo
1116 2135 1335 2182 exorto
1387 2122 1556 2184 bello
1603 2122 1777 2182 civili

82 2207 254 2288 quod
314 2210 744 2266 Childebertus
791 2210 989 2267 movit
1019 2231 1235 2269 necem
1281 2215 1474 2294 patris
1522 2225 1583 2272 et
1629 2212 1780 2270 insi-

84 2295 212 2356 dias
251 2319 384 2355 suas
427 2298 489 2353 in
540 2299 945 2373 Fredegzmcle
994 2297 1450 2372 vindicaturum
1521 2298 1625 2361 sed
1686 2312 1778 2357 ta-

79 2407 222 2445 men
259 2409 292 2443 a
350 2383 579 2443 femina
622 2407 782 2468 quae
840 2387 965 2468 ipsa
999 2386 1240 2468 proelio
1274 2390 1601 2462 intererat,
1642 2400 1778 2447 tur-

81 2475 248 2556 piter
291 2474 493 2532 victus
542 2474 641 2534 50.
688 2473 881 2533 millia
927 2476 1146 2534 amisit.
1204 2478 1566 2535 Clotharius
1616 2479 1775 2536 inte-

84 2563 207 2619 rim
280 2562 544 2643 imperio
599 2561 765 2622 solus
837 2565 1103 2644 potitu5‚
1166 2585 1313 2624 mox
1386 2590 1417 2624 a
1471 2563 1773 2625 fratribus

94 2651 505 2707 Theocleberto
549 2664 612 2710 et
666 2653 1042 2709 Theodorico
1067 2653 1356 2714 instinctu
1398 2656 1574 2714 aviae
1594 2657 1772 2711 Bra-

79 2739 377 2796 nechildis
417 2739 848 2800 cruentissimo
907 2738 1185 2822 dupplici
1247 2743 1488 2825 proelio
1552 2743 1626 2819 h)
1672 2741 1770 2796 vi-

79 2838 245 2899 ctus,
291 2837 614 2907 postquam
652 2829 835 2885 etiam
879 2827 1051 2888 aulae
1096 2829 1251 2889 vitia
1294 2828 1600 2912 ejecisset,
1631 2842 1768 2887 tan-

873 2936 922 2991 g
1528 2915 1671 2977 dem

144 3042 222 3115 a)
262 3044 487 3109 Gregor.
543 3040 887 3095 Turonensis
941 3044 1006 3097 L.
1050 3042 1100 3097 4.
1136 3063 1196 3098 c.⁴
1226 3043 1308 3099 16.
1343 3043 1458 3103 520.-
1507 3045 1563 3118 h)
1607 3046 1761 3100 Paul.

236 3113 526 3168 Aemiliam.
562 3112 629 3171 L.
667 3108 717 3164 3.
