1940 3672
525 181 1061 238 Polonoram.
1518 177 1636 239 521

59 360 413 432 incurrens,
459 375 650 439 quum
687 364 826 435 post
868 355 1067 412 varias
1122 354 1307 414 etiam
1359 350 1730 416 admonitio-

57 471 162 509 nes
208 451 395 505 vitam
441 439 765 504 emendare
805 439 1095 501 noluisset
1121 486 1136 515 ,
1178 462 1477 501 consensu
1515 464 1733 523 proce-

55 559 194 596 rum
225 532 562 617 depositus.
599 529 780 609 eique
816 527 1008 588 frater
1045 532 1386 587 Casimiras
1433 529 1731 588 substitu-

55 635 147 682 tus
183 635 303 693 est,
339 619 445 699 qui
494 615 728 675 bellum
765 618 1089 676 Russicum
1107 629 1169 677 et
1189 617 1612 699 Hungaricum
1638 616 1731 678 fe-

53 709 251 768 liciter
302 706 514 787 gessit,
579 703 828 762 demum
886 706 944 761 S.
1008 706 1374 763 Florianum
1419 703 1731 766 annuente

49 799 329 856 Romano
368 789 663 852 Pontifice
703 813 735 851 e
770 789 1094 874 sepulchro
1119 794 1490 873 impetravit.
1523 794 1589 873 a)
1608 794 1726 852 Cui

52 886 112 941 in·
166 881 456 940 convivio
493 876 785 938 defuncto
817 881 1102 939 successit
1140 878 1342 939 minor
1387 877 1547 938 filius
1598 883 1729 938 Le-

46 992 185 1027 scus
224 970 419 1027 Albas
449 989 516 1026 ea
564 965 713 1048 lege,
749 979 820 1025 ut
847 988 1029 1049 penes
1060 964 1187 1049 ejus
1231 981 1493 1027 matrem
1530 971 1729 1026 Hele—

45 1076 190 1114 nam
237 1056 564 1137 imperium
597 1068 785 1115 esset:
834 1076 963 1135 quo
984 1069 1277 1136 regnante
1310 1056 1555 1114 Tartari
1597 1059 1729 1138 pri-

42 1164 215 1203 mum
258 1143 573 1203 Poloniam
612 1141 901 1202 infestare
931 1156 1292 1224 coeperunt3
1343 1144 1488 1201 item
1508 1141 1733 1203 adver·-

42 1252 138 1291 sus
162 1226 591 1313 :Boi-ussorum
639 1232 1014 1289 incursiones
1068 1233 1327 1308 Equites
1387 1233 1728 1307 Cruccq'fhrc'

41 1341 77 1379 e
135 1318 474 1379 Palaestina
524 1341 556 1375 a
594 1319 908 1377 Saracenis
957 1317 1113 1398 pulsi
1168 1319 1231 1376 in
1276 1317 1575 1376 auxilium
1618 1341 1730 1378 vea-

38 1407 372 1480 cabantur,
445 1426 715 1488 quorum
774 1403 1073 1464 adventus
1129 1407 1571 1466 cruentissimis
1617 1405 1730 1468 de*-

45 1497 106 1553 in
160 1495 332 1554 bellis
381 1497 757 1554 occasionem
827 1493 1146 1577 praebuit:
1225 1505 1503 1553 ceterum
1557 1506 1725 1578 post—

39 1605 226 1664 quam
282 1585 653 1641 ]VIiceslcmm
705 1596 996 1666 patruum
1040 1581 1509 1665 composuisset,
1579 1604 1728 1641 mox

40 1674 388 1729 Romanum
447 1669 1010 1730 Vlodomiriensem
1085 1667 1309 1729 ducem
1371 1668 1539 1751 quod
1615 1693 1727 1728 noz—

41 1756 343 1817 bilitatem
396 1756 529 1816 dira
577 1756 941 1818 crudelitate
994 1759 1424 1840 exstirpasset,
1480 1757 1556 1816 ad
1606 1761 1728 1815 Za-

38 1849 380 1904 viclzostcmz
415 1844 761 1905 decretorio
806 1844 1042 1928 proelio
1096 1843 1465 1917 trucidavit,
1524 1845 1721 1904 filium

52 1955 232 1992 suum
258 1936 613 1991 Boleslazcm
647 1933 761 1993 suh
787 1931 972 1992 tutela
1019 1935 1287 1991 Com-adi
1310 1954 1725 1994 successorem

47 2022 404 2103 relinquens
430 2022 618 2093 obiit,
654 2041 873 2081 verum
900 2024 1211 2080 C‘onrczclus
1238 2043 1385 2080 mox
1405 2044 1600 2103 regno
1622 2024 1725 2081 in-

38 2106 231 2186 hians,
258 2124 325 2168 ut
352 2111 718 2169 Massoviam
751 2123 967 2168 contra
989 2108 1240 2170 infestos
1275 2111 1569 2170 Borussos
1591 2124 1725 2171 tue-

35 2210 251 2271 retur,
309 2201 673 2275 C'racigeros
726 2196 962 2256 ordinis
1017 2198 1354 2258 Teutonici
1406 2201 1727 2274 evocavit,

35 2287 143 2367 qui
185 2308 300 2369 pro
345 2284 504 2346 fideli
536 2287 793 2346 servitio
822 2285 1209 2346 Culmensem
1246 2299 1514 2345 tractum
1560 2287 1723 2345 obti-

36 2385 279 2446 nentes,
315 2396 461 2433 mox
506 2373 784 2433 Vistulae
819 2376 1018 2457 ripam
1060 2377 1444 2434 leormzicmz
1500 2374 1725 2435 urbem

40 2461 470 2522 condiderunt.
506 2464 566 2544 I»)
593 2461 832 2522 Interea
872 2466 1196 2521 Boleslaas
1234 2465 1298 2521 in
1329 2460 1584 2524 Polonia
1607 2485 1723 2522 rex

35 2563 312 2622 creatus,
358 2573 502 2609 mox
535 2565 704 2610 metu
753 2551 1158 2611 Tartarorum
1222 2554 1285 2611 in
1334 2551 1724 2632 Hungariam

37 2634 197 2717 fugit
220 2675 237 2710 -,
286 2638 732 2720 Poloniamque
763 2639 1035 2698 Tartaris
1073 2639 1248 2699 foede
1283 2637 1723 2698 devastandam

36 2724 326 2805 reliquit,
375 2728 507 2809 ipso
544 2740 747 2785 tamen
791 2741 1089 2809 regnante
1142 2727 1283 2786 salis
1336 2723 1586 2786 fodinae
1640 2723 1719 2785 ad

33 2813 356 2871 Boclmam
396 2825 537 2875 sunt
581 2816 881 2874 inventae,
929 2819 1162 2874 Lescas
1200 2818 1379 2895 niger
1423 2817 1537 2894 qui
1594 2818 1717 2872 Bo·-

795 2925 836 2961 Χ
1517 2905 1635 2961 les-

125 3107 162 3140 a
181 3087 200 3158 )
221 3088 364 3141 idem
395 3086 458 3143 L.
490 3088 543 3147 6.
571 3086 798 3157 b)idem
833 3087 896 3144 L.
916 3086 966 3145 8.
986 3101 1038 3146 et
1056 3089 1354 3147 Nauclerus
1384 3088 1727 3166 generat.41·
