1940 3672
464 196 918 252 Britannorum
956 197 1017 243 et
1063 183 1438 263 Angloram.
1579 186 1698 248 185

109 369 371 452 punivit.
417 366 652 440 Quibus
681 363 845 421 curis
899 361 1204 434 intentuS,
1252 355 1501 419 tan-dem
1542 360 1788 440 imperii

112 479 272 515 anno
320 459 418 516 26.
460 465 736 511 mortuus
773 461 878 508 est.
933 449 1117 508 1685.
1165 447 1250 526 a)

281 539 542 601 XXVII.
591 537 850 593 ¹Iacobus
906 536 994 591 II.
1057 533 1249 594 frater
1311 535 1522 590 Caro-li
1585 533 1786 612 regis,

107 631 401 711 superatis
458 624 827 683 factionibus
881 618 1258 682 Catholicam
1310 619 1496 680 fidem
1552 621 1791 700 magnis

110 718 325 775 animis
372 716 436 771 in
485 712 774 792 Angliam
830 707 1165 785 revehere,
1247 708 1580 768 stabilitam
1637 729 1791 767 vero

108 801 531 862 Reformatam
559 799 921 880 religionem
956 821 1078 856 una
1107 819 1251 856 cum
1289 799 1506 879 patriis
1551 794 1792 877 legibus

108 902 388 948 evertere
457 887 833 946 conabatur:
924 885 1063 946 ideo
1117 886 1428 945 Nuncium
1478 882 1793 968 Apostoli-

102 997 242 1033 cum
302 974 655 1034 Londinum
724 975 996 1057 recepit,
1075 971 1358 1033 Edictum
1429 972 1791 1032 tolerantiae

106 1063 561 1145 promulgavit,
610 1062 1066 1122 etl-eluctantes
1094 1061 1427 1143 Episcopos
1471 1061 1535 1118 in
1572 1062 1793 1118 vincu-

113 1151 167 1207 la
205 1149 496 1232 conjecit:
544 1173 707 1232 quae
745 1152 951 1208 omnia
985 1150 1325 1230 aegerrime
1354 1145 1620 1207 ferentes
1657 1148 1792 1206 An-

107 1238 225 1318 gli,
271 1238 529 1321 amplius
571 1237 768 1296 adhuc
802 1249 1078 1296 metuere
1110 1248 1484 1318 coeperunt,
1530 1234 1680 1293 dum
1713 1256 1790 1294 ex

106 1326 297 1385 altera
346 1324 613 1408 conjuge
663 1328 962 1383 Beabrice
1016 1323 1356 1383 Mutinensi
1422 1324 1793 1380 Eduardzcm

107 1412 304 1472 filium
354 1416 750 1496 suscepisset,
812 1434 999 1494 quem
1041 1407 1355 1472 Catholico
1405 1431 1584 1472 more
1638 1408 1790 1468 edu-

104 1516 313 1559 catum
346 1522 423 1560 ne
457 1501 644 1581 Angli
681 1522 1093 1560 successorem
1122 1496 1351 1558 habere
1386 1510 1793 1579 cogerentur,

108 1604 349 1650 mature
392 1587 468 1648 de
502 1590 802 1670 religione
842 1602 903 1648 et
948 1588 1231 1647 libertate
1270 1585 1554 1661 solliciti,
1631 1589 1797 1644 Wl-

110 1679 373 1735 helmam
408 1676 832 1735 Arna-siacum
864 1677 967 1736 cui
1010 1677 1223 1733 Jacobz'
1263 1674 1386 1734 filia
1408 1676 1634 1733 Maria
1677 1696 1804 1732 nu-

109 1776 213 1846 pta
270 1779 443 1837 erat,
505 1786 611 1847 spe
670 1763 1088 1846 consequendi
1139 1764 1317 1844 regni
1372 1763 1436 1819 in
1502 1760 1794 1845 Angliam

108 1866 483 1927 evocarunt3
529 1851 605 1909 ad
642 1850 812 1933 cujus
852 1851 1188 1912 adventum
1221 1850 1483 1909 Jacob-us
1518 1853 1793 1924 territUS,

107 1963 302 2022 quum
339 1939 568 1998 frustra
607 1938 791 2000 [idem
833 1961 1166 2023 procerum
1205 1938 1622 2020 implorasset,
1686 1961 1791 1998 re-

107 2028 222 2087 bus
277 2026 649 2110 desperatis,
730 2029 1013 2088 Uxorem
1065 2049 1207 2087 cum
1246 2025 1370 2086 filio
1419 2027 1484 2083 in
1529 2027 1791 2087 Galliam

102 2131 348 2175 mature
387 2115 649 2189 dimisit,
696 2117 828 2198 ipse
864 2138 1016 2175 vero
1055 2117 1118 2175 in
1169 2114 1415 2174 vincula
1452 2113 1789 2197 conjectus,

104 2203 251 2263 inde
301 2203 478 2263 brevi
531 2202 689 2262 elabi
752 2207 1120 2287 permissus,
1207 2205 1270 2264 in
1332 2200 1594 2264 Galliam
1645 2202 1790 2264 exul

108 2291 598 2371 abfit1689.b)

1401 2433 1701 2498 XXVIII.

174 2606 249 2678 a)
304 2608 557 2660 Bascobel
608 2608 897 2679 descripsit
948 2625 1073 2660 eum
1119 2607 1531 2660 memorabilem
1574 2606 1791 2663 locum,

246 2696 352 2748 quo
398 2679 623 2730 Carolus
663 2679 727 2729 Π.
778 2688 901 2748 post
937 2680 1209 2749 proelium
1256 2678 1656 2728 Vorcestriense
1699 2675 1783 2727 la-

243 2749 385 2809 tuit,
447 2759 498 2799 et
538 2765 706 2818 quum
741 2748 799 2798 in
846 2749 1094 2816 Angliam
1122 2748 1476 2798 reduceretur
1518 2746 1632 2811 ejus
1674 2744 1785 2796 fata

244 2818 486 2885 vulgavit
512 2818 835 2870 Edmundus
869 2818 1163 2880 Castellus,
1202 2816 1384 2867 Solem
1414 2816 1639 2882 Angliae
1671 2815 1787 2866 ori-

247 2896 459 2951 entem,
511 2888 764 2955 auspiciis
811 2886 992 2937 Caroli
1037 2888 1099 2938 II.
1151 2885 1389 2939 Londini
1435 2884 1585 2938 1666.
1633 2885 1688 2936 in
1731 2883 1783 2937 4.

252 2957 427 3006 Vitam
475 2959 653 3009 Caroli
690 2957 758 3011 ΙΙ.
794 2957 1012 3022 scripsit
1048 2957 1236 3008 Daniel
1276 2956 1651 3010 Hartnaccius.
1710 2952 1783 3025 b)

246 3026 411 3146 idem2
427 3028 643 3099 scripsit
673 3027 834 3078 etiam
871 3029 1040 3080 vitam
1074 3026 1257 3079 Jacobi
1276 3026 1339 3079 Π.
1366 3025 1604 3098 Cologne
1633 3023 1784 3079 1694.

257 3115 313 3146 m
417 3136 433 3152 ,
