1940 3672
235 186 355 246 150
764 195 1199 252 IIistoria

135 358 306 440 quod
350 362 673 441 Philippus
719 363 1050 449 Apostolus
1093 364 1420 431 duodecim
1475 363 1805 447 discipulos

138 448 203 504 in
271 451 650 512 Britanniam
707 455 1023 536 Evangelii
1077 453 1337 514 docendi
1396 456 1592 536 gratia
1646 473 1810 511 anno

138 534 390 595 Domini
433 539 527 599 56.
564 542 832 615 miserit,
866 564 1135 623 quorum
1179 540 1522 602 Praefectus
1558 539 1678 599 fuit
1707 543 1812 597 Jo-

136 626 287 698 sepli
345 625 425 683 ab
484 629 868 687 Aromatlzia
933 628 1160 689 nobilis
1236 629 1336 689 ille
1383 629 1652 688 Decurio
1700 628 1808 709 qui

133 713 452 769 'Christum
492 736 526 770 a
579 717 788 772 Pilato
827 715 1194 778 crucifixum
1234 717 1679 797 Hierosolymis
1714 736 1808 773 se-

130 798 363 880 pelivit.
454 802 651 859 Porro
707 804 1095 861 Venerabilis
1137 807 1313 865 Beda
1365 806 1479 867 ait:
1544 806 1809 862 Marcus

125 886 436 945 Antonius
480 891 682 945 Verus
714 911 873 947 anno
927 893 1155 954 domini
1190 893 1327 953 156,
1376 914 1633 970 regnum
1668 912 1806 952 cum

125 974 388 1032 alurelio
422 976 739 1035 Commodo
755 980 982 1053 fratre
1016 982 1283 1053 susc-epit
1304 1025 1319 1052 ‚
1354 1001 1612 1058 quorum
1651 990 1808 1036 tem-

121 1063 380 1134 poribus
425 1085 561 1121 cum
603 1066 1002 1124 Eleutherius
1041 1070 1143 1124 vir
1179 1079 1433 1145 sanctus
1472 1068 1805 1142 Pontifica—

122 1150 217 1205 tui
270 1152 589 1210 Romanae
623 1155 935 1215 Ecclesiae
960 1166 1283 1233 praeesset
1308 1200 1324 1229 ‚
1356 1158 1526 1217 misit
1560 1160 1648 1217 ad
1670 1176 1806 1216 eum

123 1239 357 1297 Lucius
406 1241 856 1300 Britannorum
910 1266 1020 1307 rex
1070 1247 1433 1318 epistolam,
1479 1244 1804 1301 obsecrans

126 1336 195 1381 ut
229 1346 348 1399 per
390 1329 525 1399 ejus
571 1333 934 1390 mandatum
980 1332 1376 1394 Christianus
1417 1331 1759 1406 efficeretur
1775 1352 1802 1399 ,³

125 1422 186 1467 et
242 1435 379 1471 mox
426 1415 700 1494 effectum
741 1421 891 1492 piae
943 1422 1394 1494 postulationis
1440 1429 1798 1481 consecutus

125 1512 263 1569 est,·
334 1517 801 1582 susceptamque
841 1507 1036 1582 fidem
1106 1509 1440 1565 Brittanni
1498 1529 1689 1584 usque
1737 1508 1803 1562 in

122 1599 404 1663 tempora
476 1594 854 1654 Diocletiani
902 1597 1210 1669 Principis
1269 1598 1634 1655 irwiolatam
1694 1597 1800 1651 in·-

119 1685 518 1754 tegrarnque,
560 1685 771 1762 quieta
798 1703 963 1757 pace
1014 1685 1386 1740 servabant:
1433 1682 1541 1741 ubi
1580 1694 1800 1764 agente

118 1765 315 1821 Lucio
352 1768 519 1848 Rege
563 1768 771 1854 plures
821 1785 963 1834 sunt
1003 1770 1325 1853 baptisati,
1368 1783 1429 1831 et
1468 1770 1798 1852 Episcopa-

117 1864 211 1908 tus
253 1850 509 1912 fundati.
602 1859 986 1918 Diocletiani
1040 1869 1245 1919 autem
1305 1859 1602 1940 imperi0‚
1658 1877 1798 1937 gra-

118 1941 363 2001 vissima
419 1940 909 2007 Christianorum
964 1947 1308 2032 persecutio
1359 1946 1632 2008 instituta
1669 1956 1798 2019 est,

121 2025 497 2114 plurimique
554 2033 616 2089 in
675 2033 993 2098 Britannia
1057 2033 1344 2098 trucidati
1395 2035 1676 2106 fuerunt,
1724 2054 1817 2093 ac*

116 2113 454 2175 Christiana
490 2117 636 2179 fides
676 2122 942 2182 maxima
980 2143 1057 2181 ex
1111 2136 1288 2205 parte
1343 2142 1634 2207 oppressa
1665 2133 1756 2180 est
1780 2167 1795 2196 ,

114 2200 310 2263 donec
371 2209 707 2284 Gregorius
758 2213 1009 2273 nomine
1074 2224 1133 2270 et
1187 2234 1256 2272 re
1315 2213 1590 2287 Magnus
1658 2231 1794 2270 eam

114 2295 654 2359 resuscitassetz-ut
692 2311 857 2383 patet
893 2321 969 2359 ex
1002 2296 1273 2380 ejusdem
1311 2299 1602 2374 Gregorii
1631 2298 1794 2356 Pon-

112 2378 291 2438 tificis
329 2382 553 2442 Literis
598 2384 674 2443 ad
724 2388 1159 2444 Theodericum
1206 2402 1267 2452 et
1313 2386 1788 2445 leeoclebertum

110 2467 488 2531 Francorum
548 2471 797 2554 regibus
846 2473 1016 2535 datis,
1086 2476 1152 2552 a)
1207 2474 1379 2534 Idem
1445 2477 1786 2551 Gregorius

113 2577 387 2616 summus
433 2559 728 2620 Ecclesiae
771 2560 1054 2621 Pontifex
1096 2586 1293 2646 prope
1347 2585 1574 2627 animm
1643 2563 1787 2626 600,

110 2667 143 2702 a
197 2646 433 2706 Christi
478 2648 777 2707 natalibus
812 2651 923 2709 sub
958 2653 1123 2732 Rege
1168 2654 1517 2709 Etlielberto
1551 2663 1612 2708 et
1653 2647 1782 2730 ejus

113 2753 313 2791 uxore
352 2734 861 2797 Christianissima
901 2742 1101 2795 Bet-ta
1146 2742 1333 2799 missis
1383 2739 1457 2798 ad
1505 2736 1564 2796 id
1602 2759 1791 2818 nego*

116 2823 271 2880 tium
321 2825 676 2900 Augustino
742 2839 803 2884 et
850 2829 1068 2885 Mileto
1113 2826 1428 2887 Monachis
1472 2826 1786 2907 religionis

1448 2912 1706 2977 Christi-

184 3079 257 3136 α)
295 3084 607 3154 Gregorius,
638 3088 815 3158 Magn.
852 3087 912 3139 L.
946 3088 993 3140 5.
1029 3088 1201 3164 Epist.
1242 3086 1323 3142 58.
1365 3088 1455 3155 59,
