1940 3672
581 159 1221 245 Hispanorum.'
1587 164 1659 222 11

70 351 316 432 gionem
347 351 426 411 ab
457 350 601 434 ipsis
640 344 953 429 Apostolis
978 343 1211 418 didicit,
1261 365 1402 401 nam
1436 340 1602 424 quod
1622 361 1755 399 eam

77 442 137 497 S.
174 441 436 498 Iacobus
495 440 559 494 in
625 434 919 516 Hispania
1001 431 1319 503 docuerit,
1380 429 1606 489 clarius
1642 438 1750 498 est,

71 548 262 606 quam
303 538 370 585 ut
404 521 674 607 probare
727 531 1044 603 oporteat:
1102 521 1226 578 imo
1299 516 1470 600 quod
1524 519 1654 598 ipse
1693 514 1752 571 S.

72 617 308 673 Paulus
344 609 674 693 Apostolus
708 607 944 667 ibidem
1000 605 1281 667 docuerit
1343 607 1408 663 in
1453 625 1561 662 sua
1606 602 1755 684 Epi-

74 701 199 760 tola
234 698 307 758 ad
352 700 701 769 Romanos,
749 697 814 776 a)
840 697 902 753 in
941 695 1302 778 Hispaniam
1339 715 1402 753 se
1436 688 1755 775 profectu-

72 810 218 846 rum
254 788 527 845 affirmat.
577 786 902 843 Praeterea
943 782 1116 865 quod
1148 781 1434 866 Apostoli
1472 781 1673 839 Roma
1699 779 1763 833 in

69 874 434 956 Hispaniam
476 873 762 931 miserint
812 873 1237 947 Torquatum,
1270 871 1619 945 Isefimtem,
1656 868 1764 924 Ce-

70 964 282 1018 cilium
316 962 690 1036 Eufrasium
732 971 794 1016 et
826 955 977 1017 alios
1002 1002 1017 1028 ,
1054 956 1425 1016 venerabilis
1476 959 1660 1014 Beda
1698 966 1761 1012 et

82 1051 407 1106 Usuardus
459 1049 523 1105 in
578 1044 1031 1127 Martyrologio
1094 1043 1380 1126 probant.
1470 1041 1653 1114 Quod
1699 1041 1757 1098 S.

71 1137 302 1195 Petrus
334 1133 664 1218 Apostolus
686 1133 1030 1215 *Episcopos
1078 1133 1141 1190 in
1190 1131 1514 1212 Hispanias
1553 1133 1760 1189 mitte-

70 1246 141 1283 re
179 1224 567 1306 praeceperit
590 1267 606 1294 ,
671 1223 782 1303 qui
816 1242 919 1280 eos
959 1216 1370 1279 Christianam
1399 1217 1764 1298 religionem

78 1310 415 1385 docerent,
461 1309 682 1370 scribit
740 1310 1052 1381 ClemenS,
1101 1305 1163 1386 b)
1219 1304 1386 1366 unde
1423 1305 1481 1363 S.
1530 1307 1765 1361 IIiero-

75 1420 300 1475 nymus
352 1398 835 1481 Hispanicarum
892 1395 1300 1455 Ecclesiarum
1359 1390 1766 1454 honorificam

75 1485 224 1546 facit
261 1489 660 1547 mentionem.
713 1488 1139 1543 Tertullianus
1185 1504 1339 1544 vero
1388 1481 1462 1540 ad
1500 1479 1762 1540 Judaeos

72 1576 349 1636 scribens
392 1574 574 1634 dicit:
622 1575 686 1631 in
725 1571 1014 1631 omnihus
1073 1571 1516 1654 Hispaniarum
1555 1570 1769 1628 termi—

74 1664 172 1721 nis
207 1685 316 1723 suo
353 1675 638 1744 tempore
678 1662 994 1721 Christum
1045 1657 1228 1719 fuisse
1280 1658 1763 1730 annunciatum3

79 1772 238 1831 quae
286 1749 507 1832 religio
549 1749 691 1809 licet
725 1748 814 1808 ibi
851 1749 1099 1832 egregie
1141 1749 1545 1819 constitisset,
1578 1742 1769 1804 Gothi

77 1852 283 1899 tamen
317 1860 451 1897 eam
487 1834 724 1896 haeresi
763 1835 1030 1895 Arriana
1066 1838 1290 1897 misere
1324 1847 1764 1916 corruperunt3

75 1925 301 1987 deinde
328 1925 600 2006 Agareni
639 1938 701 1984 et
726 1923 1017 1983 Saraceni
1039 1922 1161 2006 jam
1196 1921 1619 1983 labefactatam
1636 1921 1769 2005 pla-

74 2035 154 2072 ne
188 2015 673 2095 oppressissent,
713 2013 829 2070 nisi
881 2014 1141 2070 Carolus
1177 2015 1266 2071 M
1316 2025 1377 2071 et
1427 2013 1765 2072 successive

74 2103 483 2184 potentissimi
532 2101 971 2182 Hispaniarum
1021 2122 1195 2181 reges
1241 2099 1587 2182 Religionis
1656 2120 1766 2157 ve-

75 2210 183 2249 rae
222 2188 640 2250 defensionem
677 2201 739 2248 et
770 2190 1187 2270 patrocinium
1244 2187 1516 2247 viriliter
1560 2207 1766 2249 susce-

78 2279 344 2359 pissent,
379 2278 488 2358 qui
537 2275 838 2359 expulsiS,
877 2275 1021 2335 inde
1041 2274 1363 2337 haereticis
1393 2289 1455 2336 et
1490 2277 1767 2356 Paganis,

77 2386 192 2446 per
229 2367 346 2426 Dei
382 2367 640 2445 gratiam
681 2386 814 2424 eam
847 2367 1295 2440 restituerunt3
1341 2362 1507 2424 unde
1543 2365 1765 2445 Hispa-

75 2456 322 2512 niarum
356 2454 554 2535 Reges
597 2453 900 2511 Catholici
934 2451 1354 2536 appellantur,
1397 2454 1506 2534 qui
1546 2474 1766 2512 revera

85 2563 219 2600 eam
254 2553 469 2601 contra
499 2543 842 2622 pertinaces
881 2540 1265 2600 adversarios
1319 2540 1568 2600 fortiter
1620 2561 1769 2598 con-

84 2642 370 2705 servant,
415 2642 477 2687 et
524 2631 587 2687 in
625 2629 981 2688 universam
1022 2628 1153 2690 fere
1204 2627 1490 2688 Africam
1536 2628 1772 2686 mariti-

155 2922 218 2993 a)
257 2924 345 2974 Ad
377 2924 537 2975 Rom.
576 2943 623 2975 c.
656 2921 734 2975 15.
775 2925 1112 2995 Epiphanius
1147 2923 1380 2979 haeresi.
1416 2919 1505 2979 27.
1543 2920 1602 2975 S.
1632 2918 1771 2970 Hie-

244 2992 1400 3118 {3‘5322313311533‘2iieffipiiilrssiniphoeffls‘
1440 2990 1490 3057 ι’)
1527 2990 1702 3063 ΕΡῘὸῒ·
1721 2989 1770 3042 ¹⁶
