1940 3672
253 163 332 220 88
780 168 1225 224 Historia

154 355 268 406 ret.
308 343 472 406 Haec
509 345 969 427 praefectorum
987 369 1226 407 summa
1270 345 1544 428 potentia
1586 347 1831 406 initium

155 435 393 516 accepit
427 434 546 494 sub
608 437 965 493 Clotliarico
1008 435 1083 494 II.
1118 437 1280 494 circa
1305 448 1534 491 annum
1554 431 1658 492 Ch.
1696 433 1837 495 588.

157 523 250 583 De
297 523 506 597 Papini
572 523 879 583 Potestate
929 524 995 602 a)
1050 536 1111 582 et
1140 522 1575 583 sublimatione
1639 524 1838 580 Trite-

154 612 315 667 mias
339 611 424 669 sic
458 608 741 684 disserit3
791 611 1087 669 Proceres
1127 612 1191 668 in
1231 633 1426 668 unum
1465 612 1838 669 convenien-

155 710 243 758 tes
274 718 461 778 super
501 696 907 777 abrogatione
956 699 1119 778 regis
1176 700 1512 756 Clzilclerici
1568 698 1842 770 inutilis,

155 785 506 868 placuitque
538 784 824 842 omnibus
861 796 930 841 ut
955 786 1190 866 Regem
1229 787 1639 844 Chilclericam
1702 785 1842 844 nul-

152 874 271 931 lam
321 872 608 953 peritiam
659 869 959 953 regnandi
1021 869 1352 933 habentem
1413 872 1840 956 deponerent,

150 973 212 1020 et
258 961 545 1035 Papinum
589 981 773 1041 penes
810 982 1001 1042 quem
1037 981 1275 1019 summa
1325 959 1664 1022 authoritas
1712 984 1843 1020 ma-

153 1047 342 1108 nebat
373 1049 438 1105 in
484 1069 697 1130 regem
730 1048 1153 1109 sublimarent.
1215 1051 1356 1122 Quo
1401 1070 1545 1108 casu
1578 1053 1839 1127 Pipitms

152 1137 509 1195 Zachariae
566 1135 882 1196 Pontificis
936 1158 1304 1198 consensum
1361 1151 1689 1220 expetens,
1735 1160 1839 1197 re-

150 1246 342 1307 gnum
374 1223 666 1284 obtinuit.
726 1223 785 1284 A.
816 1223 988 1308 cujus
1023 1237 1220 1286 aetate
1272 1228 1565 1300 Messores
1620 1231 1835 1284 domas

147 1326 463 1373 cessarunt
479 1332 605 1374 esse
624 1356 643 1386 ‚
692 1326 753 1373 et
788 1314 1227 1375 Palatiilocum
1255 1314 1592 1376 obtinuisse
1625 1313 1843 1374 viden-

147 1414 252 1460 tur
307 1402 569 1459 Comites
609 1402 843 1460 stabuli
878 1425 985 1463 seu
1027 1403 1480 1476 Comzestablii,
1537 1404 1646 1485 qui
1701 1424 1845 1462 ean-

150 1489 292 1550 dem
350 1486 481 1549 fere
528 1487 811 1549 habuisse
861 1490 1155 1552 videntur
1200 1502 1600 1572 potestatem,
1656 1513 1842 1572 quam

150 1575 315 1661 apud
363 1578 673 1638 Romanos
710 1581 1023 1657 Magistri
1060 1581 1399 1656 Equitum,
1467 1577 1633 1660 apud
1679 1579 1841 1637 Ger-

151 1687 367 1726 manos
403 1668 850 1742 Miresclzalli‚
888 1668 1098 1750 quales
1137 1665 1321 1726 hodie
1364 1679 1634 1747 quatuor
1673 1678 1837 1739 sunt,

145 1754 225 1814 ad
271 1774 425 1836 quos
452 1754 586 1816 lites
624 1754 920 1815 militares
954 1754 1338 1816 deferuntur.
1357 1752 1537 1813 Idem
1578 1757 1840 1829 Pipinas

150 1842 602 1903 parlamentum
650 1844 980 1903 instituisse
1034 1841 1251 1901 fertur.
1305 1841 1366 1921 b)
1425 1842 1840 1925 Temporibus

146 1929 292 1993 dein
372 1934 665 2010 fflcgonis
765 1934 1006 2007 Capeti>
1056 1931 1319 1990 instituti
1413 1943 1558 1989 sunt
1638 1933 1835 1988 Pares

148 2023 462 2080 Franciae
485 2065 500 2094 ,
550 2041 626 2080 ex
679 2019 911 2102 duplici
965 2039 1144 2079 causa
1182 2035 1254 2077 ut
1292 2018 1546 2103 quidam
1583 2031 1801 2103 putant
1832 2042 1842 2077 :

146 2110 221 2189 ο)
300 2131 494 2193 quum
555 2110 723 2169 enim
803 2111 999 2187 Hago
1057 2121 1300 2169 remoto
1360 2107 1637 2191 legitimo
1692 2106 1839 2165 hae-

1622 2197 1769 2258 rede

217 2445 286 2508 a)
319 2441 377 2492 In
419 2436 715 2510 appendice
733 2437 1030 2491 Hunibaldi
1070 2457 1155 2509 ap.
1185 2435 1729 2490 Joan.Tritemnium
1767 2433 1836 2485 de

308 2511 444 2578 orig.
492 2511 746 2564 Francor.
796 2507 1134 2578 Moguntiae.
1185 2507 1338 2562 1515.
1410 2506 1684 2558 Mai-silius
1732 2505 1835 2556 Pa-

309 2585 524 2633 tavinus
571 2579 637 2630 de
676 2580 1054 2632 Translatione
1132 2579 1353 2649 imperii
1405 2577 1590 2647 Capite
1669 2575 1720 2630 6.
1777 2574 1829 2639 b)

309 2649 654 2702 Bernhardus
690 2649 755 2700 de
794 2649 843 2700 la
871 2650 1055 2701 Roche
1079 2690 1092 2713 ‚
1127 2650 1191 2700 de
1228 2647 1577 2702 parlamentis
1599 2644 1800 2697 Galliae
1822 2686 1836 2708 ‚

308 2721 443 2775 edit.
472 2719 882 2788 Burdegalensis
928 2718 1085 2776 1617.
1121 2719 1220 2775 fol.
1260 2723 1445 2772 Petrus
1479 2716 1713 2780 Pallior‚
1768 2715 1834 2767 de

311 2791 653 2843 Parlamento
671 2790 1015 2858 Burgundico
1037 2810 1159 2845 cum
1191 2790 1383 2860 figuris
1401 2787 1718 2855 insignium,
1743 2786 1839 2837 Di-

312 2862 502 2914 vionae
547 2859 696 2913 1649.
735 2859 835 2918 fol.
886 2860 938 2928 c)
973 2861 1227 2914 Claudius
1271 2858 1584 2920 Auchetus‚
1621 2855 1689 2906 de
1725 2857 1835 2907 ori-

308 2935 430 3003 gine
459 2931 786 2999 dignitatum
822 2941 874 2982 et
905 2933 1323 3000 Magistratuum
1366 2928 1637 2983 Franciae.
1686 2927 1839 2977 Pari-

311 3004 403 3054 siis
425 2999 574 3054 1600.
597 3004 653 3055 in
675 2999 724 3053 8.
766 3002 1083 3056 Vincentius
1105 3004 1360 3074 Lupanus
1379 3006 1398 3064 ‚'
1422 2998 1488 3050 de
1506 2996 1840 3065 Magistrati-

310 3073 410 3126 bus
428 3082 479 3125 et
496 3070 852 3126 Praefecturis
872 3073 1203 3129 Francorum
1219 3068 1560 3130 Francoforti
1582 3066 1730 3122 1596.
1743 3065 1792 3119 fo
1805 3067 1837 3124 Ι.
