<?xml version="1.0" encoding="UTF-8"?>
<!DOCTYPE html PUBLIC "-//W3C//DTD XHTML 1.0 Transitional//EN"
    "http://www.w3.org/TR/xhtml1/DTD/xhtml1-transitional.dtd">
<html xmlns="http://www.w3.org/1999/xhtml" xml:lang="en" lang="en">
 <head>
  <title>
</title>
<meta http-equiv="Content-Type" content="text/html;charset=utf-8" />
  <meta name='ocr-system' content='tesseract 3.04.00' />
  <meta name='ocr-capabilities' content='ocr_page ocr_carea ocr_par ocr_line ocrx_word'/>
</head>
<body>
  <div class='ocr_page' id='page_1' title='image "./historiauniversa03nagy_0408.png"; bbox 0 0 1940 3672; ppageno 0'>
   <div class='ocr_carea' id='block_1_1' title="bbox 229 142 1179 212">
    <p class='ocr_par' dir='ltr' id='par_1_1' title="bbox 229 142 1179 212">
     <span class='ocr_line' id='line_1_1' title="bbox 229 142 1179 212; baseline 0.012 -10"><span class='ocrx_word' id='word_1_1' title='bbox 229 142 353 202; x_wconf 79' lang='lat'><strong>584</strong></span> <span class='ocrx_word' id='word_1_2' title='bbox 767 148 1179 212; x_wconf 74' lang='lat' dir='ltr'><strong>Historia</strong></span> 
     </span>
    </p>
   </div>
   <div class='ocr_carea' id='block_1_2' title="bbox 135 332 1843 3131">
    <p class='ocr_par' dir='ltr' id='par_1_2' title="bbox 135 332 1843 3131">
     <span class='ocr_line' id='line_1_2' title="bbox 135 332 1829 416; baseline 0.002 -27"><span class='ocrx_word' id='word_1_3' title='bbox 135 332 382 409; x_wconf 72' lang='lat' dir='ltr'><strong>Regum</strong></span> <span class='ocrx_word' id='word_1_4' title='bbox 424 334 670 391; x_wconf 74' lang='lat' dir='ltr'><strong>Variae</strong></span> <span class='ocrx_word' id='word_1_5' title='bbox 692 335 912 408; x_wconf 78' lang='lat' dir='ltr'><strong>stirpis</strong></span> <span class='ocrx_word' id='word_1_6' title='bbox 947 332 1022 393; x_wconf 86' lang='lat' dir='ltr'><strong>ab</strong></span> <span class='ocrx_word' id='word_1_7' title='bbox 1052 357 1215 395; x_wconf 90' lang='lat' dir='ltr'><strong>anno</strong></span> <span class='ocrx_word' id='word_1_8' title='bbox 1252 334 1438 400; x_wconf 70' lang='grc'><strong>1501.</strong></span> <span class='ocrx_word' id='word_1_9' title='bbox 1486 351 1685 416; x_wconf 77' lang='lat' dir='ltr'><strong>usque</strong></span> <span class='ocrx_word' id='word_1_10' title='bbox 1716 352 1829 393; x_wconf 53' lang='lat' dir='ltr'><strong>an:-</strong></span> 
     </span>
     <span class='ocr_line' id='line_1_3' title="bbox 136 419 1843 506; baseline 0.002 -29"><span class='ocrx_word' id='word_1_11' title='bbox 136 440 289 477; x_wconf 87' lang='lat' dir='ltr'><strong>num</strong></span> <span class='ocrx_word' id='word_1_12' title='bbox 333 420 514 479; x_wconf 78' lang='lat'><strong>1527.</strong></span> <span class='ocrx_word' id='word_1_13' title='bbox 554 423 848 501; x_wconf 86' lang='lat' dir='ltr'><strong>quoniam</strong></span> <span class='ocrx_word' id='word_1_14' title='bbox 889 419 1004 481; x_wconf 90' lang='lat' dir='ltr'><strong>hoc</strong></span> <span class='ocrx_word' id='word_1_15' title='bbox 1054 427 1352 506; x_wconf 84' lang='lat' dir='ltr'><strong>temporis</strong></span> <span class='ocrx_word' id='word_1_16' title='bbox 1405 423 1602 506; x_wconf 88' lang='lat' dir='ltr'><strong>spatio</strong></span> <span class='ocrx_word' id='word_1_17' title='bbox 1648 422 1843 481; x_wconf 74' lang='lat' dir='ltr'><strong>Hun-</strong></span> 
     </span>
     <span class='ocr_line' id='line_1_4' title="bbox 140 507 1833 595; baseline 0.002 -29"><span class='ocrx_word' id='word_1_18' title='bbox 140 510 276 591; x_wconf 81' lang='lat' dir='ltr'><strong>gari</strong></span> <span class='ocrx_word' id='word_1_19' title='bbox 320 531 393 568; x_wconf 75' lang='lat' dir='ltr'><strong>ex</strong></span> <span class='ocrx_word' id='word_1_20' title='bbox 419 509 676 567; x_wconf 85' lang='lat' dir='ltr'><strong>diversis</strong></span> <span class='ocrx_word' id='word_1_21' title='bbox 700 507 943 568; x_wconf 85' lang='lat' dir='ltr'><strong>familiis</strong></span> <span class='ocrx_word' id='word_1_22' title='bbox 972 509 1087 569; x_wconf 87' lang='lat' dir='ltr'><strong>sibi</strong></span> <span class='ocrx_word' id='word_1_23' title='bbox 1124 513 1321 595; x_wconf 75' lang='lat' dir='ltr'><strong>Reges</strong></span> <span class='ocrx_word' id='word_1_24' title='bbox 1347 510 1662 592; x_wconf 80' lang='lat' dir='ltr'><strong>elegerint.</strong></span> <span class='ocrx_word' id='word_1_25' title='bbox 1719 512 1833 570; x_wconf 91' lang='lat' dir='ltr'><strong>Pe-</strong></span> 
     </span>
     <span class='ocr_line' id='line_1_5' title="bbox 135 595 1832 680; baseline -0.001 -24"><span class='ocrx_word' id='word_1_26' title='bbox 135 595 349 656; x_wconf 86' lang='lat' dir='ltr'><strong>riodus</strong></span> <span class='ocrx_word' id='word_1_27' title='bbox 380 597 485 655; x_wconf 90' lang='lat' dir='ltr'><strong>IV.</strong></span> <span class='ocrx_word' id='word_1_28' title='bbox 533 610 739 656; x_wconf 88' lang='lat' dir='ltr'><strong>autem</strong></span> <span class='ocrx_word' id='word_1_29' title='bbox 785 595 1004 680; x_wconf 82' lang='lat' dir='ltr'>incipit</span> <span class='ocrx_word' id='word_1_30' title='bbox 1041 599 1118 658; x_wconf 90' lang='lat' dir='ltr'><strong>ab</strong></span> <span class='ocrx_word' id='word_1_31' title='bbox 1157 623 1320 659; x_wconf 92' lang='lat' dir='ltr'><strong>anno</strong></span> <span class='ocrx_word' id='word_1_32' title='bbox 1384 602 1567 660; x_wconf 82' lang='lat'><strong>1527.</strong></span> <span class='ocrx_word' id='word_1_33' title='bbox 1617 613 1680 659; x_wconf 89' lang='lat' dir='ltr'><strong>et</strong></span> <span class='ocrx_word' id='word_1_34' title='bbox 1719 598 1832 656; x_wconf 89' lang='lat' dir='ltr'><strong>du-</strong></span> 
     </span>
     <span class='ocr_line' id='line_1_6' title="bbox 137 686 1832 770; baseline -0.001 -26"><span class='ocrx_word' id='word_1_35' title='bbox 137 698 235 744; x_wconf 89' lang='lat' dir='ltr'><strong>rat</strong></span> <span class='ocrx_word' id='word_1_36' title='bbox 292 686 354 741; x_wconf 90' lang='lat' dir='ltr'><strong>in</strong></span> <span class='ocrx_word' id='word_1_37' title='bbox 412 706 699 766; x_wconf 83' lang='lat' dir='ltr'><strong>praesens</strong></span> <span class='ocrx_word' id='word_1_38' title='bbox 761 697 1035 768; x_wconf 76' lang='lat' dir='ltr'><strong>tempus,</strong></span> <span class='ocrx_word' id='word_1_39' title='bbox 1090 689 1567 770; x_wconf 78' lang='lat' dir='ltr'>appellaturque</span> <span class='ocrx_word' id='word_1_40' title='bbox 1616 690 1832 744; x_wconf 76' lang='lat' dir='ltr'><strong>Perio-</strong></span> 
     </span>
     <span class='ocr_line' id='line_1_7' title="bbox 136 769 1834 861; baseline 0 -30"><span class='ocrx_word' id='word_1_41' title='bbox 136 779 251 831; x_wconf 73' lang='lat' dir='ltr'><strong>clas</strong></span> <span class='ocrx_word' id='word_1_42' title='bbox 281 774 586 830; x_wconf 69' lang='lat' dir='ltr'><strong>Austrc‘ca</strong></span> <span class='ocrx_word' id='word_1_43' title='bbox 609 769 779 832; x_wconf 89' lang='lat' dir='ltr'><strong>ideo:</strong></span> <span class='ocrx_word' id='word_1_44' title='bbox 819 773 988 855; x_wconf 85' lang='lat' dir='ltr'><strong>quod</strong></span> <span class='ocrx_word' id='word_1_45' title='bbox 1008 775 1207 856; x_wconf 79' lang='lat' dir='ltr'><strong>Reges</strong></span> <span class='ocrx_word' id='word_1_46' title='bbox 1241 774 1354 835; x_wconf 88' lang='lat' dir='ltr'><strong>hoc</strong></span> <span class='ocrx_word' id='word_1_47' title='bbox 1374 777 1670 861; x_wconf 90' lang='lat' dir='ltr'><strong>temporis</strong></span> <span class='ocrx_word' id='word_1_48' title='bbox 1697 796 1834 857; x_wconf 90' lang='lat' dir='ltr'><strong>spa-</strong></span> 
     </span>
     <span class='ocr_line' id='line_1_8' title="bbox 140 860 1833 947; baseline 0 -28"><span class='ocrx_word' id='word_1_49' title='bbox 140 862 225 920; x_wconf 90' lang='lat' dir='ltr'><strong>tio</strong></span> <span class='ocrx_word' id='word_1_50' title='bbox 284 881 528 943; x_wconf 79' lang='lat' dir='ltr'><strong>semper</strong></span> <span class='ocrx_word' id='word_1_51' title='bbox 603 860 994 943; x_wconf 81' lang='lat' dir='ltr'><strong>eligebantur</strong></span> <span class='ocrx_word' id='word_1_52' title='bbox 1063 885 1139 922; x_wconf 77' lang='lat' dir='ltr'><strong>ex</strong></span> <span class='ocrx_word' id='word_1_53' title='bbox 1224 864 1432 947; x_wconf 88' lang='lat' dir='ltr'><strong>Stirpe</strong></span> <span class='ocrx_word' id='word_1_54' title='bbox 1510 865 1833 923; x_wconf 87' lang='lat' dir='ltr'><strong>Austriaca</strong></span> 
     </span>
     <span class='ocr_line' id='line_1_9' title="bbox 139 951 1833 1035; baseline 0.002 -29"><span class='ocrx_word' id='word_1_55' title='bbox 139 951 523 1006; x_wconf 76' lang='lat' dir='ltr'><strong>Ferclc‘nancli</strong></span> <span class='ocrx_word' id='word_1_56' title='bbox 566 951 617 1006; x_wconf 86' lang='lat' dir='ltr'><strong>I.</strong></span> <span class='ocrx_word' id='word_1_57' title='bbox 679 952 1075 1033; x_wconf 87' lang='lat' dir='ltr'><strong>Imperatoris</strong></span> <span class='ocrx_word' id='word_1_58' title='bbox 1139 964 1201 1010; x_wconf 90' lang='lat' dir='ltr'><strong>et</strong></span> <span class='ocrx_word' id='word_1_59' title='bbox 1246 952 1433 1035; x_wconf 80' lang='lat' dir='ltr'><strong>Regis</strong></span> <span class='ocrx_word' id='word_1_60' title='bbox 1479 954 1631 1012; x_wconf 88' lang='lat' dir='ltr'><strong>Jure</strong></span> <span class='ocrx_word' id='word_1_61' title='bbox 1667 951 1833 1010; x_wconf 59' lang='lat' dir='ltr'><strong>Hae⁴</strong></span> 
     </span>
     <span class='ocr_line' id='line_1_10' title="bbox 138 1034 1833 1123; baseline 0.002 -29"><span class='ocrx_word' id='word_1_62' title='bbox 138 1034 436 1096; x_wconf 85' lang='lat' dir='ltr'><strong>reditario</strong></span> <span class='ocrx_word' id='word_1_63' title='bbox 499 1037 825 1115; x_wconf 83' lang='lat' dir='ltr'><strong>Electivo3</strong></span> <span class='ocrx_word' id='word_1_64' title='bbox 889 1056 1109 1098; x_wconf 86' lang='lat' dir='ltr'><strong>verum</strong></span> <span class='ocrx_word' id='word_1_65' title='bbox 1156 1036 1265 1098; x_wconf 88' lang='lat' dir='ltr'><strong>hac</strong></span> <span class='ocrx_word' id='word_1_66' title='bbox 1324 1039 1582 1123; x_wconf 84' lang='lat' dir='ltr'><strong>periodo</strong></span> <span class='ocrx_word' id='word_1_67' title='bbox 1629 1041 1833 1099; x_wconf 85' lang='lat' dir='ltr'><strong>varias</strong></span> 
     </span>
     <span class='ocr_line' id='line_1_11' title="bbox 141 1124 1832 1209; baseline 0.001 -25"><span class='ocrx_word' id='word_1_68' title='bbox 141 1124 379 1185; x_wconf 85' lang='lat' dir='ltr'><strong>subivit</strong></span> <span class='ocrx_word' id='word_1_69' title='bbox 446 1129 818 1186; x_wconf 87' lang='lat' dir='ltr'><strong>mutationes</strong></span> <span class='ocrx_word' id='word_1_70' title='bbox 909 1125 1109 1186; x_wconf 87' lang='lat' dir='ltr'><strong>forma</strong></span> <span class='ocrx_word' id='word_1_71' title='bbox 1190 1128 1529 1209; x_wconf 81' lang='lat' dir='ltr'><strong>Regiminis</strong></span> <span class='ocrx_word' id='word_1_72' title='bbox 1564 1152 1579 1205; x_wconf 80' lang='lat'>3</span> <span class='ocrx_word' id='word_1_73' title='bbox 1682 1150 1832 1186; x_wconf 89' lang='lat' dir='ltr'><strong>nam</strong></span> 
     </span>
     <span class='ocr_line' id='line_1_12' title="bbox 142 1212 1830 1297; baseline 0.001 -25"><span class='ocrx_word' id='word_1_74' title='bbox 142 1212 287 1274; x_wconf 88' lang='lat' dir='ltr'><strong>inde</strong></span> <span class='ocrx_word' id='word_1_75' title='bbox 327 1237 361 1271; x_wconf 87' lang='lat' dir='ltr'><strong>a</strong></span> <span class='ocrx_word' id='word_1_76' title='bbox 411 1217 803 1273; x_wconf 78' lang='lat' dir='ltr'><strong>Ferclc&#39;natzdo</strong></span> <span class='ocrx_word' id='word_1_77' title='bbox 854 1215 899 1273; x_wconf 95' lang='lat' dir='ltr'><strong>I.</strong></span> <span class='ocrx_word' id='word_1_78' title='bbox 960 1237 1155 1297; x_wconf 88' lang='lat' dir='ltr'><strong>usque</strong></span> <span class='ocrx_word' id='word_1_79' title='bbox 1220 1215 1298 1275; x_wconf 91' lang='lat' dir='ltr'><strong>ad</strong></span> <span class='ocrx_word' id='word_1_80' title='bbox 1358 1220 1734 1292; x_wconf 75' lang='lat' dir='ltr'><strong>Leopoldum</strong></span> <span class='ocrx_word' id='word_1_81' title='bbox 1786 1219 1830 1274; x_wconf 93' lang='grc' dir='ltr'><strong>Ι.</strong></span> 
     </span>
     <span class='ocr_line' id='line_1_13' title="bbox 140 1300 1830 1387; baseline 0 -25"><span class='ocrx_word' id='word_1_82' title='bbox 140 1301 226 1362; x_wconf 91' lang='lat' dir='ltr'><strong>M.</strong></span> <span class='ocrx_word' id='word_1_83' title='bbox 254 1324 451 1384; x_wconf 87' lang='lat' dir='ltr'><strong>quum</strong></span> <span class='ocrx_word' id='word_1_84' title='bbox 472 1300 609 1383; x_wconf 84' lang='lat' dir='ltr'><strong>jure</strong></span> <span class='ocrx_word' id='word_1_85' title='bbox 639 1304 872 1364; x_wconf 79' lang='lat' dir='ltr'><strong>liberae</strong></span> <span class='ocrx_word' id='word_1_86' title='bbox 903 1303 1217 1364; x_wconf 84' lang='lat' dir='ltr'><strong>electionis</strong></span> <span class='ocrx_word' id='word_1_87' title='bbox 1238 1327 1410 1387; x_wconf 80' lang='lat' dir='ltr'><strong>reges</strong></span> <span class='ocrx_word' id='word_1_88' title='bbox 1431 1305 1830 1387; x_wconf 80' lang='lat' dir='ltr'><strong>eligerentur,</strong></span> 
     </span>
     <span class='ocr_line' id='line_1_14' title="bbox 140 1390 1835 1475; baseline 0.002 -28"><span class='ocrx_word' id='word_1_89' title='bbox 140 1390 534 1451; x_wconf 87' lang='lat' dir='ltr'><strong>observatum</strong></span> <span class='ocrx_word' id='word_1_90' title='bbox 573 1395 868 1453; x_wconf 88' lang='lat' dir='ltr'><strong>continuo</strong></span> <span class='ocrx_word' id='word_1_91' title='bbox 905 1407 1036 1452; x_wconf 89' lang='lat' dir='ltr'><strong>erat</strong></span> <span class='ocrx_word' id='word_1_92' title='bbox 1068 1395 1444 1475; x_wconf 84' lang='lat' dir='ltr'><strong>gravissimis</strong></span> <span class='ocrx_word' id='word_1_93' title='bbox 1491 1394 1835 1454; x_wconf 89' lang='lat' dir='ltr'><strong>contentio-</strong></span> 
     </span>
     <span class='ocr_line' id='line_1_15' title="bbox 140 1480 1830 1563; baseline 0.001 -26"><span class='ocrx_word' id='word_1_94' title='bbox 140 1480 323 1539; x_wconf 89' lang='lat' dir='ltr'><strong>nibus</strong></span> <span class='ocrx_word' id='word_1_95' title='bbox 347 1481 708 1563; x_wconf 84' lang='lat' dir='ltr'><strong>Principum</strong></span> <span class='ocrx_word' id='word_1_96' title='bbox 741 1481 881 1563; x_wconf 83' lang='lat' dir='ltr'><strong>eligi</strong></span> <span class='ocrx_word' id='word_1_97' title='bbox 909 1482 1253 1541; x_wconf 85' lang='lat' dir='ltr'><strong>volentium</strong></span> <span class='ocrx_word' id='word_1_98' title='bbox 1275 1528 1290 1556; x_wconf 80' lang='grc'>,</span> <span class='ocrx_word' id='word_1_99' title='bbox 1325 1494 1384 1541; x_wconf 87' lang='lat' dir='ltr'><strong>et</strong></span> <span class='ocrx_word' id='word_1_100' title='bbox 1408 1480 1830 1542; x_wconf 86' lang='lat' dir='ltr'><strong>Seditionibus</strong></span> 
     </span>
     <span class='ocr_line' id='line_1_16' title="bbox 143 1567 1831 1651; baseline 0.001 -26"><span class='ocrx_word' id='word_1_101' title='bbox 143 1568 358 1651; x_wconf 89' lang='lat' dir='ltr'><strong>populi</strong></span> <span class='ocrx_word' id='word_1_102' title='bbox 392 1569 611 1649; x_wconf 80' lang='lat' dir='ltr'><strong>agitari</strong></span> <span class='ocrx_word' id='word_1_103' title='bbox 655 1570 1078 1651; x_wconf 79' lang='lat' dir='ltr'><strong>Hungariam3</strong></span> <span class='ocrx_word' id='word_1_104' title='bbox 1128 1570 1265 1630; x_wconf 88' lang='lat' dir='ltr'><strong>ideo</strong></span> <span class='ocrx_word' id='word_1_105' title='bbox 1298 1583 1366 1627; x_wconf 91' lang='lat' dir='ltr'><strong>ut</strong></span> <span class='ocrx_word' id='word_1_106' title='bbox 1398 1567 1487 1629; x_wconf 89' lang='lat' dir='ltr'><strong>his</strong></span> <span class='ocrx_word' id='word_1_107' title='bbox 1510 1568 1831 1629; x_wconf 85' lang='lat' dir='ltr'><strong>seditioni-</strong></span> 
     </span>
     <span class='ocr_line' id='line_1_17' title="bbox 141 1654 1833 1738; baseline 0.001 -24"><span class='ocrx_word' id='word_1_108' title='bbox 141 1656 256 1716; x_wconf 88' lang='lat' dir='ltr'><strong>bus</strong></span> <span class='ocrx_word' id='word_1_109' title='bbox 295 1655 540 1715; x_wconf 88' lang='lat' dir='ltr'><strong>tandem</strong></span> <span class='ocrx_word' id='word_1_110' title='bbox 583 1654 719 1716; x_wconf 88' lang='lat' dir='ltr'><strong>finis</strong></span> <span class='ocrx_word' id='word_1_111' title='bbox 761 1669 1100 1738; x_wconf 85' lang='lat' dir='ltr'><strong>poneretur</strong></span> <span class='ocrx_word' id='word_1_112' title='bbox 1138 1661 1483 1733; x_wconf 78' lang='lat' dir='ltr'><strong>Leopolclas</strong></span> <span class='ocrx_word' id='word_1_113' title='bbox 1524 1657 1569 1714; x_wconf 94' lang='lat' dir='ltr'><strong>I.</strong></span> <span class='ocrx_word' id='word_1_114' title='bbox 1615 1657 1699 1715; x_wconf 85' lang='lat' dir='ltr'><strong>M.</strong></span> <span class='ocrx_word' id='word_1_115' title='bbox 1734 1678 1833 1715; x_wconf 83' lang='lat' dir='ltr'><strong>re-</strong></span> 
     </span>
     <span class='ocr_line' id='line_1_18' title="bbox 140 1743 1833 1818; baseline -0.002 -15"><span class='ocrx_word' id='word_1_116' title='bbox 140 1745 278 1804; x_wconf 90' lang='lat' dir='ltr'><strong>latis</strong></span> <span class='ocrx_word' id='word_1_117' title='bbox 318 1745 393 1805; x_wconf 90' lang='lat' dir='ltr'><strong>de</strong></span> <span class='ocrx_word' id='word_1_118' title='bbox 418 1746 636 1804; x_wconf 88' lang='lat' dir='ltr'><strong>Turcis</strong></span> <span class='ocrx_word' id='word_1_119' title='bbox 665 1747 957 1818; x_wconf 76' lang='lat' dir='ltr'><strong>victoriis,</strong></span> <span class='ocrx_word' id='word_1_120' title='bbox 983 1768 1033 1803; x_wconf 90' lang='lat' dir='ltr'><strong>a.</strong></span> <span class='ocrx_word' id='word_1_121' title='bbox 1083 1748 1199 1806; x_wconf 76' lang='lat'><strong>168</strong></span> <span class='ocrx_word' id='word_1_122' title='bbox 1215 1750 1265 1805; x_wconf 89' lang='lat'><strong>7.</strong></span> <span class='ocrx_word' id='word_1_123' title='bbox 1299 1747 1616 1804; x_wconf 84' lang='lat' dir='ltr'><strong>universos</strong></span> <span class='ocrx_word' id='word_1_124' title='bbox 1650 1743 1833 1801; x_wconf 89' lang='lat' dir='ltr'><strong>Hun-</strong></span> 
     </span>
     <span class='ocr_line' id='line_1_19' title="bbox 140 1831 1833 1916; baseline -0.002 -24"><span class='ocrx_word' id='word_1_125' title='bbox 140 1836 351 1916; x_wconf 78' lang='lat' dir='ltr'><strong>gariae</strong></span> <span class='ocrx_word' id='word_1_126' title='bbox 396 1843 457 1893; x_wconf 90' lang='lat' dir='ltr'><strong>et</strong></span> <span class='ocrx_word' id='word_1_127' title='bbox 492 1834 762 1915; x_wconf 90' lang='lat' dir='ltr'><strong>partium</strong></span> <span class='ocrx_word' id='word_1_128' title='bbox 796 1832 1178 1893; x_wconf 81' lang='lat' dir='ltr'><strong>adnexarum</strong></span> <span class='ocrx_word' id='word_1_129' title='bbox 1220 1831 1469 1894; x_wconf 88' lang='lat' dir='ltr'><strong>ordines</strong></span> <span class='ocrx_word' id='word_1_130' title='bbox 1497 1834 1833 1892; x_wconf 88' lang='lat' dir='ltr'><strong>Posonium</strong></span> 
     </span>
     <span class='ocr_line' id='line_1_20' title="bbox 140 1918 1830 2003; baseline -0.004 -21"><span class='ocrx_word' id='word_1_131' title='bbox 140 1921 217 1982; x_wconf 88' lang='lat' dir='ltr'><strong>ad</strong></span> <span class='ocrx_word' id='word_1_132' title='bbox 269 1922 531 1982; x_wconf 87' lang='lat' dir='ltr'><strong>Comitia</strong></span> <span class='ocrx_word' id='word_1_133' title='bbox 565 1920 899 1998; x_wconf 78' lang='lat' dir='ltr'><strong>invitabat,</strong></span> <span class='ocrx_word' id='word_1_134' title='bbox 931 1924 995 1979; x_wconf 91' lang='lat' dir='ltr'><strong>in</strong></span> <span class='ocrx_word' id='word_1_135' title='bbox 1056 1943 1226 2003; x_wconf 87' lang='lat' dir='ltr'><strong>spem</strong></span> <span class='ocrx_word' id='word_1_136' title='bbox 1277 1921 1530 1981; x_wconf 85' lang='lat' dir='ltr'><strong>veniens</strong></span> <span class='ocrx_word' id='word_1_137' title='bbox 1591 1918 1830 1979; x_wconf 89' lang='lat' dir='ltr'><strong>consilii</strong></span> 
     </span>
     <span class='ocr_line' id='line_1_21' title="bbox 140 2005 1832 2095; baseline -0.003 -25"><span class='ocrx_word' id='word_1_138' title='bbox 140 2010 304 2070; x_wconf 89' lang='lat' dir='ltr'><strong>illius</strong></span> <span class='ocrx_word' id='word_1_139' title='bbox 351 2007 741 2092; x_wconf 73' lang='lat' dir='ltr'><strong>exequendi,</strong></span> <span class='ocrx_word' id='word_1_140' title='bbox 787 2011 955 2095; x_wconf 86' lang='lat' dir='ltr'><strong>quod</strong></span> <span class='ocrx_word' id='word_1_141' title='bbox 985 2008 1256 2091; x_wconf 80' lang='lat' dir='ltr'><strong>Maiores</strong></span> <span class='ocrx_word' id='word_1_142' title='bbox 1285 2008 1413 2092; x_wconf 85' lang='lat' dir='ltr'><strong>ejus</strong></span> <span class='ocrx_word' id='word_1_143' title='bbox 1428 2005 1659 2067; x_wconf 84' lang='lat' dir='ltr'><strong>frustra</strong></span> <span class='ocrx_word' id='word_1_144' title='bbox 1695 2022 1832 2067; x_wconf 87' lang='lat' dir='ltr'><strong>ten-</strong></span> 
     </span>
     <span class='ocr_line' id='line_1_22' title="bbox 140 2095 1831 2180; baseline -0.002 -21"><span class='ocrx_word' id='word_1_145' title='bbox 140 2111 443 2173; x_wconf 81' lang='lat' dir='ltr'><strong>taverant3</strong></span> <span class='ocrx_word' id='word_1_146' title='bbox 488 2119 713 2180; x_wconf 90' lang='lat' dir='ltr'><strong>nempe</strong></span> <span class='ocrx_word' id='word_1_147' title='bbox 742 2114 812 2158; x_wconf 92' lang='lat' dir='ltr'><strong>ut</strong></span> <span class='ocrx_word' id='word_1_148' title='bbox 834 2102 1152 2180; x_wconf 81' lang='lat' dir='ltr'><strong>antiquato</strong></span> <span class='ocrx_word' id='word_1_149' title='bbox 1176 2097 1492 2158; x_wconf 85' lang='lat' dir='ltr'><strong>electionis</strong></span> <span class='ocrx_word' id='word_1_150' title='bbox 1515 2095 1671 2180; x_wconf 79' lang='lat' dir='ltr'><strong>jure,</strong></span> <span class='ocrx_word' id='word_1_151' title='bbox 1690 2115 1831 2155; x_wconf 89' lang='lat' dir='ltr'><strong>suc-</strong></span> 
     </span>
     <span class='ocr_line' id='line_1_23' title="bbox 137 2183 1825 2263; baseline -0.001 -17"><span class='ocrx_word' id='word_1_152' title='bbox 137 2187 433 2246; x_wconf 89' lang='lat' dir='ltr'><strong>cessionis</strong></span> <span class='ocrx_word' id='word_1_153' title='bbox 454 2183 902 2249; x_wconf 83' lang='lat' dir='ltr'><strong>haereditariae</strong></span> <span class='ocrx_word' id='word_1_154' title='bbox 922 2190 958 2246; x_wconf 88' lang='lat' dir='ltr'><strong>J</strong></span> <span class='ocrx_word' id='word_1_155' title='bbox 963 2208 1029 2245; x_wconf 88' lang='lat' dir='ltr'><strong>us</strong></span> <span class='ocrx_word' id='word_1_156' title='bbox 1045 2228 1062 2261; x_wconf 70' lang='lat'><em>9</em></span> <span class='ocrx_word' id='word_1_157' title='bbox 1088 2189 1624 2263; x_wconf 73' lang='lat' dir='ltr'><strong>Primogenitarae</strong></span> <span class='ocrx_word' id='word_1_158' title='bbox 1654 2186 1717 2242; x_wconf 91' lang='lat' dir='ltr'><strong>in</strong></span> <span class='ocrx_word' id='word_1_159' title='bbox 1741 2205 1825 2258; x_wconf 85' lang='lat' dir='ltr'><strong>se,</strong></span> 
     </span>
     <span class='ocr_line' id='line_1_24' title="bbox 140 2274 1829 2358; baseline -0.002 -24"><span class='ocrx_word' id='word_1_160' title='bbox 140 2289 544 2358; x_wconf 85' lang='lat' dir='ltr'><strong>posterosque</strong></span> <span class='ocrx_word' id='word_1_161' title='bbox 559 2296 698 2335; x_wconf 89' lang='lat' dir='ltr'><strong>suos</strong></span> <span class='ocrx_word' id='word_1_162' title='bbox 715 2276 1066 2337; x_wconf 87' lang='lat' dir='ltr'><strong>Austriacos</strong></span> <span class='ocrx_word' id='word_1_163' title='bbox 1086 2275 1397 2334; x_wconf 87' lang='lat' dir='ltr'><strong>masculini</strong></span> <span class='ocrx_word' id='word_1_164' title='bbox 1420 2296 1597 2334; x_wconf 76' lang='lat' dir='ltr'><strong>sexus</strong></span> <span class='ocrx_word' id='word_1_165' title='bbox 1618 2274 1679 2330; x_wconf 92' lang='lat' dir='ltr'><strong>in</strong></span> <span class='ocrx_word' id='word_1_166' title='bbox 1717 2291 1829 2355; x_wconf 82' lang='lat' dir='ltr'><strong>per</strong></span> 
     </span>
     <span class='ocr_line' id='line_1_25' title="bbox 141 2358 1824 2447; baseline -0.004 -23"><span class='ocrx_word' id='word_1_167' title='bbox 141 2376 399 2447; x_wconf 86' lang='lat' dir='ltr'><strong>petuum</strong></span> <span class='ocrx_word' id='word_1_168' title='bbox 432 2362 839 2425; x_wconf 86' lang='lat' dir='ltr'><strong>transferrent</strong></span> <span class='ocrx_word' id='word_1_169' title='bbox 868 2367 983 2439; x_wconf 76' lang='lat' dir='ltr'><strong>ita3</strong></span> <span class='ocrx_word' id='word_1_170' title='bbox 1029 2377 1100 2423; x_wconf 86' lang='lat' dir='ltr'><strong>ut</strong></span> <span class='ocrx_word' id='word_1_171' title='bbox 1140 2366 1188 2422; x_wconf 90' lang='lat' dir='ltr'><strong>si</strong></span> <span class='ocrx_word' id='word_1_172' title='bbox 1228 2363 1356 2445; x_wconf 84' lang='lat' dir='ltr'><strong>ejus</strong></span> <span class='ocrx_word' id='word_1_173' title='bbox 1391 2363 1550 2421; x_wconf 85' lang='lat' dir='ltr'><strong>linea</strong></span> <span class='ocrx_word' id='word_1_174' title='bbox 1598 2358 1824 2421; x_wconf 87' lang='lat' dir='ltr'><strong>defice-</strong></span> 
     </span>
     <span class='ocr_line' id='line_1_26' title="bbox 142 2448 1829 2537; baseline -0.003 -27"><span class='ocrx_word' id='word_1_175' title='bbox 142 2464 274 2524; x_wconf 85' lang='lat' dir='ltr'><strong>ret,</strong></span> <span class='ocrx_word' id='word_1_176' title='bbox 325 2464 470 2510; x_wconf 88' lang='lat' dir='ltr'><strong>tunc</strong></span> <span class='ocrx_word' id='word_1_177' title='bbox 509 2452 663 2512; x_wconf 88' lang='lat' dir='ltr'><strong>alter</strong></span> <span class='ocrx_word' id='word_1_178' title='bbox 701 2454 908 2537; x_wconf 86' lang='lat' dir='ltr'><strong>stirpis</strong></span> <span class='ocrx_word' id='word_1_179' title='bbox 939 2452 1135 2510; x_wconf 82' lang='lat' dir='ltr'><strong>virilis</strong></span> <span class='ocrx_word' id='word_1_180' title='bbox 1173 2473 1420 2524; x_wconf 75' lang='lat' dir='ltr'><strong>ramus,</strong></span> <span class='ocrx_word' id='word_1_181' title='bbox 1463 2452 1571 2532; x_wconf 85' lang='lat' dir='ltr'><strong>qui</strong></span> <span class='ocrx_word' id='word_1_182' title='bbox 1616 2453 1678 2507; x_wconf 91' lang='lat' dir='ltr'><strong>in</strong></span> <span class='ocrx_word' id='word_1_183' title='bbox 1713 2448 1829 2506; x_wconf 36' lang='lat' dir='ltr'><strong>Hi*</strong></span> 
     </span>
     <span class='ocr_line' id='line_1_27' title="bbox 141 2538 1826 2623; baseline -0.002 -25"><span class='ocrx_word' id='word_1_184' title='bbox 141 2542 352 2623; x_wconf 88' lang='lat' dir='ltr'><strong>spania</strong></span> <span class='ocrx_word' id='word_1_185' title='bbox 393 2541 690 2622; x_wconf 80' lang='lat' dir='ltr'><strong>regnabat</strong></span> <span class='ocrx_word' id='word_1_186' title='bbox 716 2540 1086 2601; x_wconf 86' lang='lat' dir='ltr'><strong>succederet.</strong></span> <span class='ocrx_word' id='word_1_187' title='bbox 1135 2540 1625 2622; x_wconf 80' lang='lat' dir='ltr'><strong>Hungariigitur</strong></span> <span class='ocrx_word' id='word_1_188' title='bbox 1667 2538 1826 2596; x_wconf 86' lang='lat' dir='ltr'><strong>votis</strong></span> 
     </span>
     <span class='ocr_line' id='line_1_28' title="bbox 141 2627 1823 2713; baseline -0.004 -24"><span class='ocrx_word' id='word_1_189' title='bbox 141 2632 440 2704; x_wconf 75' lang='lat' dir='ltr'><strong>Leopolclc&#39;</strong></span> <span class='ocrx_word' id='word_1_190' title='bbox 472 2628 969 2713; x_wconf 88' lang='lat' dir='ltr'><strong>subscripserunt</strong></span> <span class='ocrx_word' id='word_1_191' title='bbox 995 2652 1062 2689; x_wconf 89' lang='lat' dir='ltr'><strong>ea</strong></span> <span class='ocrx_word' id='word_1_192' title='bbox 1095 2627 1258 2709; x_wconf 82' lang='lat' dir='ltr'><strong>lege:</strong></span> <span class='ocrx_word' id='word_1_193' title='bbox 1306 2641 1375 2686; x_wconf 89' lang='lat' dir='ltr'><strong>ut</strong></span> <span class='ocrx_word' id='word_1_194' title='bbox 1403 2647 1612 2687; x_wconf 89' lang='lat' dir='ltr'><strong>omnes</strong></span> <span class='ocrx_word' id='word_1_195' title='bbox 1646 2644 1823 2705; x_wconf 79' lang='lat' dir='ltr'><strong>reges</strong></span> 
     </span>
     <span class='ocr_line' id='line_1_29' title="bbox 143 2715 1816 2799; baseline -0.002 -24"><span class='ocrx_word' id='word_1_196' title='bbox 143 2720 254 2799; x_wconf 87' lang='lat' dir='ltr'><strong>qui</strong></span> <span class='ocrx_word' id='word_1_197' title='bbox 285 2716 571 2799; x_wconf 88' lang='lat' dir='ltr'><strong>deinceps</strong></span> <span class='ocrx_word' id='word_1_198' title='bbox 603 2740 679 2779; x_wconf 78' lang='lat' dir='ltr'><strong>ex</strong></span> <span class='ocrx_word' id='word_1_199' title='bbox 722 2718 926 2777; x_wconf 89' lang='lat' dir='ltr'><strong>Domo</strong></span> <span class='ocrx_word' id='word_1_200' title='bbox 967 2719 1284 2777; x_wconf 84' lang='lat' dir='ltr'><strong>Austriaca</strong></span> <span class='ocrx_word' id='word_1_201' title='bbox 1316 2715 1453 2798; x_wconf 91' lang='lat' dir='ltr'><strong>jure</strong></span> <span class='ocrx_word' id='word_1_202' title='bbox 1493 2715 1816 2798; x_wconf 82' lang='lat' dir='ltr'><strong>primoge—</strong></span> 
     </span>
     <span class='ocr_line' id='line_1_30' title="bbox 144 2806 1819 2888; baseline -0.005 -22"><span class='ocrx_word' id='word_1_203' title='bbox 144 2808 391 2866; x_wconf 88' lang='lat' dir='ltr'><strong>niturae</strong></span> <span class='ocrx_word' id='word_1_204' title='bbox 428 2806 861 2880; x_wconf 82' lang='lat' dir='ltr'><strong>succederent,</strong></span> <span class='ocrx_word' id='word_1_205' title='bbox 888 2806 1379 2888; x_wconf 80' lang='lat' dir='ltr'><strong>inaugurationis</strong></span> <span class='ocrx_word' id='word_1_206' title='bbox 1400 2825 1541 2863; x_wconf 87' lang='lat' dir='ltr'><strong>suae</strong></span> <span class='ocrx_word' id='word_1_207' title='bbox 1580 2816 1819 2883; x_wconf 90' lang='lat' dir='ltr'><strong>tempo-</strong></span> 
     </span>
     <span class='ocr_line' id='line_1_31' title="bbox 145 2891 1822 2979; baseline -0.005 -25"><span class='ocrx_word' id='word_1_208' title='bbox 145 2918 216 2955; x_wconf 85' lang='lat' dir='ltr'><strong>re</strong></span> <span class='ocrx_word' id='word_1_209' title='bbox 246 2894 492 2955; x_wconf 87' lang='lat' dir='ltr'><strong>solitum</strong></span> <span class='ocrx_word' id='word_1_210' title='bbox 536 2891 962 2979; x_wconf 83' lang='lat' dir='ltr'><strong>jusjurandum</strong></span> <span class='ocrx_word' id='word_1_211' title='bbox 995 2891 1335 2954; x_wconf 89' lang='lat' dir='ltr'><strong>Ordinibus</strong></span> <span class='ocrx_word' id='word_1_212' title='bbox 1388 2899 1822 2973; x_wconf 83' lang='lat' dir='ltr'><strong>nuncuparent</strong></span> 
     </span>
     <span class='ocr_line' id='line_1_32' title="bbox 144 2976 1822 3065; baseline -0.005 -23"><span class='ocrx_word' id='word_1_213' title='bbox 144 2982 223 3045; x_wconf 92' lang='lat' dir='ltr'><strong>de</strong></span> <span class='ocrx_word' id='word_1_214' title='bbox 275 2983 592 3045; x_wconf 83' lang='lat' dir='ltr'><strong>servandis</strong></span> <span class='ocrx_word' id='word_1_215' title='bbox 650 2985 932 3045; x_wconf 86' lang='lat' dir='ltr'><strong>Nationis</strong></span> <span class='ocrx_word' id='word_1_216' title='bbox 973 2983 1301 3065; x_wconf 81' lang='lat' dir='ltr'><strong>Hungarae</strong></span> <span class='ocrx_word' id='word_1_217' title='bbox 1329 2976 1822 3042; x_wconf 86' lang='lat' dir='ltr'><strong>immunitatibus</strong></span> 
     </span>
     <span class='ocr_line' id='line_1_33' title="bbox 1672 3089 1735 3131; baseline -0.079 0"><span class='ocrx_word' id='word_1_218' title='bbox 1672 3089 1735 3131; x_wconf 85' lang='lat' dir='ltr'><strong>m</strong></span> 
     </span>
    </p>
   </div>
  </div>
 </body>
</html>
