1940 3672
190 165 315 226 278
720 163 1167 221 Historia

95 338 299 425 palam
349 340 584 424 agitare
623 352 967 421 coeperunt
1009 353 1307 425 praeunte
1345 340 1583 398 Jocmne
1621 339 1791 397 W‘tt

100 427 463 490 Hollandiae
511 423 871 503 Praefecto,
952 426 1208 512 ejusque
1253 428 1453 488 fratre
1516 429 1793 486 Cornelio

92 514 365 579 Consule
403 511 995 588 Amstelodamensi,
1040 520 1148 598 qui
1189 539 1264 579 eo
1304 538 1438 576 rem
1475 536 1618 574 cum
1659 514 1793 596 ple-

93 610 180 670 he
243 602 678 674 deduxerunt,
766 615 838 662 ut
894 601 1187 664 Hollandi
1249 616 1310 665 et
1389 600 1792 684 Ultrajectani

91 690 491 778 promulgato
540 691 767 747 Edicto
811 704 1156 769 perpetue,
1233 695 1539 775 Principis
1584 690 1793 772 digni-

91 791 285 840 tatem
335 779 586 864 penitus
658 779 1059 862 antiquarent
1104 803 1182 840 ne
1243 782 1613 840 Willzelmzcs
1664 779 1792 835 III.

98 865 452 927 adolescens
491 887 627 926 eam
661 869 959 950 consequi
998 870 1207 951 possit.
1257 869 1430 929 Inter
1462 867 1610 928 haec
1651 870 1796 924 La·-

95 957 348 1014 dovicas
398 955 587 1014 XIV.
624 953 864 1015 Galliae
899 977 1013 1016 rex
1055 953 1271 1016 foedus
1308 970 1523 1017 contra
1572 977 1635 1015 se
1680 955 1798 1015 ini-

93 1055 231 1104 tum
286 1065 322 1102 a
370 1042 614 1126 Belgis,
686 1042 898 1103 Sveci's
952 1057 1015 1104 et
1061 1043 1279 1126 Anglis
1320 1067 1503 1128 aegre
1550 1042 1753 1102 ferens
1780 1087 1800 1116 >

95 1132 381 1192 omnium
426 1132 773 1190 maximum
824 1133 1067 1217 paravit
1118 1131 1388 1209 bellum3
1435 1154 1628 1214 quare
1666 1131 1798 1187 An-

94 1219 257 1302 gliae
303 1240 514 1301 regem
564 1221 857 1279 Carolam
900 1223 990 1280 II.
1029 1241 1063 1277 a
1112 1219 1362 1281 foedere
1416 1221 1666 1301 Belgico
1723 1215 1800 1275 ad

95 1329 163 1369 se
198 1306 562 1394 pertrahens
586 1353 603 1381 ‚
662 1329 811 1368 mox
846 1330 992 1368 cum
1031 1311 1153 1368 suis
1189 1310 1401 1368 amicis
1441 1304 1800 1390 splendidos

95 1417 224 1481 que
297 1396 438 1456 112.
491 1394 757 1457 millium
819 1397 1101 1458 exercitu
1179 1396 1390 1478 Belgas
1449 1395 1802 1456 domesticis

97 1484 301 1543 turbis
327 1486 596 1544 intentos
619 1483 1020 1566 aggreditur,
1068 1486 1178 1566 qui
1216 1486 1425 1544 subito
1456 1482 1799 1554 Geldriam‚

92 1571 395 1647 cliviam,
441 1571 966 1649 Transisalanam,
1024 1570 1478 1655 Ultrajectum‚
1526 1585 1803 1655 partem-

97 1681 224 1745 que
257 1659 618 1741 Groningae
655 1659 825 1721 ferro
870 1683 939 1722 ac
980 1662 1120 1741 igne
1161 1660 1478 1720 devastans
1532 1679 1798 1739 occupa-

96 1750 228 1822 vit,
295 1770 418 1831 qua
453 1748 774 1808 Gallorum
810 1751 1074 1808 victoria
1114 1748 1488 1809 consternati
1536 1745 1762 1827 Belgae
1785 1788 1806 1818 ,

96 1857 350 1897 omnem
388 1834 533 1895 belli
569 1835 978 1898 calamitatem
1022 1835 1488 1918 Magistratibus
1531 1833 1803 1895 attribu-

97 1938 269 1985 entes
293 1970 310 1999 ,
354 1923 692 1984 consultius
726 1923 862 1986 fore
900 1923 1258 2009 judicabant
1292 1925 1339 1985 si
1370 1922 1612 1984 sublato
1649 1923 1803 1979 Edi-

94 2025 193 2069 cto
217 2024 529 2089 perpetuo
569 2013 874 2097 Principis
913 2015 1140 2074 summi
1185 2011 1552 2096 dignitatem
1593 2010 1804 2071 denuo

94 2099 173 2160 ad
227 2098 595 2161 servandam
656 2099 1131 2185 Rempublicam
1172 2098 1586 2176 reveherent3
1661 2095 1802 2156 ideo

104 2191 507 2249 Wllzelmum
552 2191 680 2248 III.
715 2187 923 2250 denuo
965 2191 1321 2273 Principem
1362 2199 1662 2249 crearunt
1707 2185 1803 2267 ju-

104 2299 176 2338 re
214 2273 674 2350 haered1tario.‚
734 2280 845 2359 qui
890 2279 1041 2339 inita
1091 2300 1234 2338 cum
1281 2276 1502 2360 Anglis
1555 2290 1618 2336 et
1660 2275 1800 2335 Ele.-

98 2377 273 2426 ctore
309 2364 818 2447 Brancleburgico
847 2368 1158 2440 societate,
1198 2387 1319 2424 non
1347 2363 1533 2424 modo
1574 2363 1806 2423 dissen-

100 2454 326 2513 tientes
359 2454 537 2514 Cives
573 2456 957 2536 composuit,
1019 2453 1122 2515 sed
1164 2456 1351 2514 etiam
1389 2451 1625 2513 bellum
1659 2471 1802 2510 cum

95 2538 288 2600 Gallis
321 2562 472 2623 pace
510 2544 994 2619 Novimnagensi·
1024 2545 1105 2601 ita
1137 2540 1436 2618 confecit3
1483 2555 1553 2599 ut
1587 2560 1804 2599 omnes

96 2625 503 2710 Reipublicae
534 2640 710 2690 antea
731 2631 975 2690 amissas
1012 2632 1418 2714 possessiones
1463 2649 1805 2710 recupera-

97 2730 212 2776 ret.
276 2716 466 2776 1670.
510 2732 572 2777 et
621 2731 760 2801 post
795 2739 1021 2780 novem
1059 2740 1249 2778 annos
1297 2719 1480 2777 etiam
1541 2717 1807 2796 Magnae

100 2805 462 2866 Britanniae
514 2827 809 2866 coronam
866 2820 1372 2889 consequeretur.
1432 2842 1515 2851 —
1558 2799 1807 2863 'Deinde

100 2892 324 2976 Belgae
364 2893 636 2955 Domum
680 2895 1067 2955 Austriacam
1102 2914 1218 2978 pro
1268 2894 1646 2954 successione
1685 2892 1800 2949 Hi·-

103 2982 349 3068 spanica
381 2985 643 3068 pecunia
675 2995 736 3047 et
759 2980 956 3050 milite
993 2981 1349 3070 adjuvantes
1368 3028 1383 3059 2
1420 2983 1479 3046 in
1512 2999 1800 3062 congres-

1621 3088 1692 3127 su
