1940 3672
605 131 1230 190 Helvetiorum.
1551 135 1673 194 247

91 317 383 374 Badenae
428 310 737 375 communi
773 306 1048 370 fidelium
1080 328 1384 371 consensu
1426 308 1764 394 disputatio

92 405 224 463 sine
283 423 553 463 successu
585 445 602 474 ,
673 399 799 458 imo
878 394 1202 457 manifesto
1282 399 1766 459 Protestantium

93 490 315 550 damno
378 490 651 547 instituta
708 498 918 560 esset3
984 485 1163 544 brevi
1235 487 1420 548 etiam
1509 489 1765 545 Bernae

94 578 424 660 disputatio
469 588 640 648 erat,
687 573 796 631 ubi
838 594 1033 654 quum
1077 572 1367 632 Monachi
1412 573 1574 634 male
1614 595 1762 634 cau-

89 687 215 723 sam
268 676 633 734 tuerentur,
681 660 990 719 Catholica
1044 659 1265 742 religio
1302 662 1591 745 abrogata
1637 677 1764 722 est:

92 751 154 809 id
200 749 424 808 factum
460 762 593 809 erat
630 751 814 809 etiam
869 750 1282 824 Sclzaphami,
1328 750 1434 810 uhi
1487 750 1590 814 46.
1624 772 1769 811 cur-

87 860 192 897 rus
250 835 573 896 destructis
632 837 1042 897 Ecclesiarum
1078 838 1447 919 imaginibus
1481 838 1765 922 impleti,

87 939 260 985 extra
295 926 519 1003 urbem
551 926 1004 991 cremabantur,
1050 928 1564 1001 oecolampadius
1599 949 1767 987 moe-

87 1035 233 1072 rore
263 1032 338 1070 ex
389 1015 663 1091 sz'tzglc'i
689 1006 911 1073 'morte
959 1014 1285 1073 eveniente
1329 1013 1617 1087 decessit,
1652 1036 1766 1074 cu-

81 1098 178 1183 jus
255 1103 576 1159 conamina
652 1101 1040 1162 continuavit
1113 1102 1383 1158 Ioannes
1475 1104 1768 1161 Calvinus

85 1190 334 1246 natione
398 1188 609 1249 Gallus
667 1188 1193 1261 Noviodunensis‚
1241 1189 1525 1247 Lachero
1587 1189 1768 1272 longe

82 1275 420 1349 eruditior,
460 1275 632 1359 cujus
671 1279 993 1361 opiniones
1040 1297 1216 1335 causa
1266 1276 1581 1358 religionis
1638 1278 1768 1360 pla-

86 1386 164 1423 ne
222 1365 426 1423 civilia
511 1365 667 1425 bella
748 1363 1212 1447 sangvinolenta
1282 1364 1715 1446 produxerunt
1750 1412 1766 1441 ‚

84 1452 388 1535 brevique
433 1453 700 1512 Galliam
726 1499 741 1527 ,
797 1451 1184 1524 Helvetiam,
1228 1451 1515 1535 Belgium
1543 1499 1559 1528 ‚
1607 1453 1767 1512 Ger-

82 1542 388 1615 maniam,
426 1542 818 1616 Borussiam,
866 1541 1254 1623 Hungariam
1299 1555 1362 1600 et
1415 1540 1771 1601 Transilva—

83 1632 252 1687 niam
295 1632 670 1688 invaserunt.
761 1629 829 1709 a)
876 1628 1168 1711 Angliam
1209 1650 1463 1712 quoque
1499 1643 1561 1689 et
1609 1629 1770 1689 Sco—

84 1718 235 1774 tiam
310 1719 582 1799 pervasit
621 1762 637 1791 ,
699 1717 813 1776 ubi
882 1731 1088 1776 tamen
1151 1718 1329 1776 Secta
1389 1729 1621 1777 mutata
1682 1730 1773 1778 est

86 1801 250 1886 apud
289 1804 424 1864 illos
475 1808 538 1863 in
577 1804 1035 1888 Episcopalium
1063 1849 1078 1874 ,
1118 1803 1284 1887 apud
1327 1803 1436 1865 hos
1479 1808 1543 1865 in
1589 1808 1770 1866 Pres—

80 1891 595 1971 byterianorum:
664 1892 809 1952 hinc
883 1892 966 1951 ob
1043 1892 1482 1954 funestissimas
1557 1893 1771 1955 caedes

82 1995 435 2039 consecutas
457 2003 578 2040 non
598 1980 855 2039 deerant
874 1980 1494 2041 dicente82Calvinum
1513 1984 1576 2041 in
1592 1980 1771 2043 Rho-

84 2067 313 2126 danum
360 2090 488 2128 esse
512 2067 1062 2153 praecipitandum.
1110 2071 1402 2129 Ceterum
1440 2091 1635 2131 novae
1669 2093 1770 2130 re·-

82 2154 327 2236 ligionis
403 2157 753 2218 Sectarores
819 2178 934 2216 nec
997 2159 1061 2214 in
1130 2157 1244 2217 illis
1289 2161 1628 2240 provinciis
1692 2159 1768 2220 de

84 2241 356 2325 ejusdem
397 2248 659 2306 veritate
710 2247 1048 2306 convenire
1101 2260 1425 2328 poterant3
1461 2245 1603 2307 hinc
1642 2250 1768 2310 Re-

1544 2336 1680 2398 for-

153 2521 229 2592 a)
287 2522 554 2574 Abraham
610 2523 882 2575 Scultetus
937 2525 994 2574 in
1043 2526 1237 2579 Annal.
1291 2528 1438 2585 Eccl.
1489 2526 1768 2581 Theodor.

221 2594 356 2644 Beza
387 2593 445 2643 in
474 2595 582 2645 vita
644 2593 872 2644 Calvini.
907 2594 1136 2647 Joannes
1163 2598 1429 2649 Henricus
1479 2600 1770 2665 Hottinge-

222 2680 348 2722 ωε,
379 2662 672 2733 Speculum
709 2663 958 2715 Helvetio
992 2664 1350 2735 Tigurinum.
1388 2667 1583 2737 Tiguri
1611 2665 1769 2724 1665.

224 2731 280 2781 in
318 2731 404 2784 12.
448 2732 757 2784 Ludovicus
796 2733 1090 2786 Lavaterus
1113 2775 1127 2797 ‚
1178 2737 1244 2789 de
1282 2738 1478 2788 ritibus
1518 2747 1573 2788 et
1607 2737 1769 2788 insti-

225 2802 358 2851 tutis
404 2803 673 2855 Ecclesiae
724 2802 1052 2869 Tigurinae‚
1095 2806 1314 2877 scripsit
1365 2807 1561 2875 Tiguri
1614 2805 1767 2860 1586.

228 2870 285 2920 in
320 2869 371 2926 8.
402 2873 634 2923 Joannes
676 2872 858 2924 Jacob.
901 2874 1220 2935 Huldricus.
1257 2877 1327 2929 de
1365 2877 1629 2946 religione
1669 2895 1768 2929 an·-

225 2940 376 3010 tiqua
419 2952 472 2992 et
512 2942 788 2993 Catholica
849 2942 902 2994 S.
941 2943 1131 2996 Felicis
1172 2959 1226 2999 ct
1264 2947 1317 2999 S.
1356 2946 1592 3016 Regulae
1629 2949 1766 3002 ΡΠ)εἶ

224 3018 598 3082 tomartyrum
635 3011 1048 3081 Tigurinorum.
1089 3015 1307 3088 Tigurii
1341 3017 1504 3075 1628..
1531 3017 1664 3072 ιἠ4.
