1940 3672
278 146 403 204 252
810 150 1241 209 Historia

187 304 433 387 publica
482 306 748 368 Consilia
803 310 1030 382 Majzis
1081 324 1143 371 et
1204 313 1436 369 Minas.
1529 307 1728 390 Majus
1780 318 1870 370 est

185 393 441 474 quando
493 395 701 476 plures
754 400 1007 459 nomine
1076 401 1262 460 totius
1327 396 1522 481 plebis
1574 400 1868 457 conveni-

181 495 332 554 unt,
380 482 549 563 quod
597 483 969 566 plerumque
1009 502 1387 547 convocatur
1445 488 1507 543 in
1564 487 1871 565 graviori-

180 567 299 627 bus
337 572 595 651 negotiis
621 616 636 644 ,
670 593 830 652 quae
868 571 946 629 ad
984 585 1173 633 totam
1217 573 1685 657 Rempublioam
1728 594 1869 655 pelw

178 658 393 715 tinent.
486 659 706 715 Minas
762 662 1093 718 Consilium
1139 662 1419 744 quotidie
1477 661 1865 720 administiat

178 742 629 825 lempublieam
677 759 738 806 et
783 749 1016 806 civium
1062 753 1515 810 eontlovelsias
1537 751 1864 831 cognoscit.

190 834 417 908 Tigmi
474 833 674 894 Maius
732 835 1078 895 Consilium
1140 850 1230 896 est
1299 841 1442 898 200.
1509 835 1864 907 hominum,

175 922 472 977 Basilecze
519 923 664 982 244.
714 957 799 969 —-
844 924 1052 984 Minus
1106 926 1448 985 Consilium
1495 926 1715 1007 Tigmi
1766 926 1863 984 50.

178 1003 573 1083 hominibus,
631 1012 892 1072 Basiliae
942 1034 1092 1073 vero
1145 1015 1244 1073 44.
1293 1012 1685 1076 hominibus
1717 1034 1870 1071 con-

177 1108 312 1154 stat.
405 1096 518 1156 His
571 1098 871 1159 accedunt
937 1099 1061 1160 duo
1131 1101 1420 1162 Consules
1481 1104 1545 1160 in
1610 1100 1868 1182 singulis

179 1183 445 1243 urbibus
486 1199 799 1270 tamquam
844 1187 1081 1270 publici
1133 1190 1387 1249 Consilii
1427 1193 1643 1272 capita.
1736 1191 1865 1246 Mi-

179 1294 294 1329 mas
369 1276 703 1333 Consilium
762 1275 1072 1336 dividitur
1127 1279 1191 1337 in
1256 1291 1434 1338 vetus
1487 1292 1548 1338 et
1613 1298 1864 1336 novum.

179 1361 487 1423 Convenit
553 1376 761 1425 autem
827 1366 1026 1424 minus
1098 1366 1423 1426 consilium
1491 1366 1865 1449 plerumque

179 1460 277 1506 ter
323 1462 429 1508 aut
474 1466 696 1533 quater
741 1452 995 1534 singulis
1035 1455 1421 1536 septimanis,
1467 1456 1715 1535 utrique
1755 1454 1864 1511 Se-

175 1541 352 1597 natui
398 1553 603 1622 praest
638 1541 906 1616 Consul,
953 1564 1141 1623 quem
1209 1545 1718 1619 Bargetmeister
1752 1564 1864 1600 vo-

174 1640 353 1701 cant,
401 1648 587 1709 quem
638 1628 837 1711 Majus
888 1630 1232 1688 Consilium
1292 1630 1483 1712 eligit.
1575 1629 1863 1688 Consuli-

176 1713 291 1772 bus
357 1730 656 1797 potestate
703 1718 977 1800 proximi
1033 1730 1176 1776 sunt
1243 1719 1539 1792 Tribuni,
1588 1739 1861 1797 quorum

172 1803 412 1884 Tuguri
451 1817 571 1864 tres
609 1818 781 1879 sunt,
824 1804 1078 1864 Basiliae
1112 1818 1316 1864 autem
1352 1803 1493 1864 duo.
1565 1805 1702 1875 Quo
1737 1827 1861 1863 una

176 1911 316 1948 oum
370 1890 617 1951 duobus
676 1892 1043 1952 Consulibus
1091 1906 1357 1975 quatuor
1419 1893 1594 1952 urbis
1659 1895 1860 1975 capita

178 1981 595 2038 nominantur.
686 1979 753 2059 a)
814 1979 989 2041 Idem
1056 1980 1139 2047 de.
1185 1983 1388 2041 Berua
1465 1995 1525 2039 et
1592 1980 1862 2061 Friburg

176 2066 441 2126 urbibus
513 2083 604 2128 est
666 2067 1148 2152 intelligendum.
1241 2070 1482 2129 Statuta
1554 2082 1615 2129 et
1664 2069 1862 2149 Leges

180 2155 589 2237 Reipublicae
641 2157 936 2240 leguntur
983 2159 1046 2215 in
1093 2157 1258 2217 libro
1326 2161 1644 2239 impresso.
1736 2158 1860 2215 Ge-

172 2245 436 2304 neratim
485 2249 548 2304 in
593 2243 685 2306 his
726 2248 1066 2329 provinciis
1122 2267 1378 2329 magnus
1425 2260 1514 2306 est
1548 2243 1857 2305 nobilium

171 2330 548 2404 familiarum
592 2355 903 2394 numerus.

348 2421 395 2499 ᾗ.
452 2425 509 2481 4.
564 2425 784 2480 Status
827 2424 999 2481 Belli
1044 2433 1104 2480 et
1148 2425 1446 2480 memoria
1493 2423 1858 2496 Principum

178 2510 502 2569 Wromm.
594 2510 868 2571 Helvetii
928 2508 1052 2593 jam
1111 2511 1226 2570 sub
1271 2512 1440 2568 Jalio
1493 2513 1760 2567 Caesare
1821 2532 1854 2565 a

175 2595 412 2656 bellicis
454 2596 625 2659 factis
660 2598 936 2659 celebies
967 2613 1178 2674 eiant,
1227 2620 1367 2657 nam
1393 2596 1454 2656 hi
1506 2598 1808 2655 Caesari
1800 2620 1858 2653 m

171 2683 435 2745 Galliam
493 2687 774 2771 profecto
826 2688 1096 2773 primam
1140 2687 1288 2748 belli
1334 2687 1711 2832 occascilonem
1753 2682 1859 2742 de-

1356 2791 1361 2795 ’
1540 2787 1759 2846 erunt,

244 2982 320 3051 a)
365 2984 519 3033 Plura
548 2982 614 3032 de
648 2981 731 3036 his
758 2981 915 3032 docte
951 2982 1169 3034 disserit
1214 2982 1385 3034 Josias
1430 2980 1725 3041 SimleruS,
1773 2977 1842 3029 li-

315 3055 424 3104 bris
458 3053 671 3103 duobus
731 3052 795 3102 de
835 3053 1113 3123 republica
1154 3052 1473 3105 Helvetiae.-
