1940 3672
679 143 1215 199 Polonorum.
1552 138 1673 199 307

87 317 224 376 niae
267 329 389 376 tres
425 326 622 397 partes
657 308 845 371 hahet
891 312 979 370 uti
1016 312 1387 369 Litvaniam
1418 310 1764 384 propriam

91 405 194 462 ubi
232 417 319 462 est
353 402 558 473 Vilna‚
606 401 904 456 Russiam
943 400 1193 473 Albam,
1230 411 1291 458 et
1331 398 1761 474 Samogitiam.

88 489 161 547 In
202 488 291 547 his
330 485 612 549 omnibus
645 486 1002 567 regionibns
1037 485 1356 545 dominans
1378 482 1623 564 Religio
1656 479 1766 540 ho-

85 576 189 634 die
242 591 327 636 est
381 577 662 632 Romano
726 569 1057 632 Catholica.
1150 573 1407 633 Polonia
1463 569 1767 652 irrigatur

90 663 286 720 fluviis
321 660 711 720 nobilissimis
760 662 853 719 uti
913 663 1204 734 Vistula,
1269 661 1530 737 Fregel,
1577 659 1770 717 Nien—

88 753 263 821 nien,
319 750 621 821 Wiadro,
677 751 911 821 Vama,
958 751 1232 824 Nyeper.
1269 760 1382 807 etc.
1444 743 1544 824 Ad
1578 745 1768 804 meri-

86 835 246 894 diem
284 833 469 893 habet
498 848 737 894 montes
762 833 1178 916 Carpatl1i003‚
1213 832 1439 917 quibus
1472 833 1551 892 ab
1588 830 1773 891 Hun-

84 924 251 1002 garia
284 921 667 1006 dirimittur3
715 924 970 981 interim
1003 935 1206 982 tamen
1246 935 1373 981 tota
1412 917 1547 981 fere
1590 918 1767 1001 regio

83 1010 249 1068 silvis
275 1007 645 1068 obducitur:
685 1009 757 1068 *in
793 1009 1020 1092 quihus
1061 1012 1278 1081 Ursos,
1309 1028 1592 1091 onagros,
1630 1020 1768 1065 tau-

83 1117 185 1155 ros
226 1109 286 1155 et
343 1119 534 1178 equos
576 1098 884 1157 silvestres
934 1099 997 1155 in
1045 1099 1219 1181 copia
1252 1094 1496 1155 habent.
1544 1093 1767 1155 Poloni

81 1184 254 1241 initio
290 1184 581 1260 Ducibus,
628 1183 771 1245 dein
806 1183 1082 1267 Regibus
1122 1184 1393 1267 propriis
1423 1181 1768 1266 parebant3

76 1264 257 1332 hodie
311 1285 517 1332 autem
568 1273 768 1354 Regni
837 1272 1314 1355 appellationem
1358 1271 1766 1343 amisserunt,

75 1381 215 1416 nam
243 1374 379 1441 post
412 1357 591 1421 fatale
619 1360 849 1421 bellum
874 1357 1180 1419 Gallicum
1219 1371 1346 1417 tota
1379 1357 1635 1417 Polonia
1671 1357 1764 1416 ina·

81 1460 174 1506 ter
212 1447 503 1508 Austriae
546 1449 997 1532 Imperatorem
1022 1491 1038 1522 ‚
1098 1443 1441 1505 Russorum
1490 1444 1767 1527 Impera-

78 1546 275 1594 torem
313 1550 374 1595 et
410 1537 729 1596 Borussiae
762 1538 999 1618 Regem
1056 1546 1271 1617 utpote
1310 1533 1766 1617 potentissimos

75 1618 417 1683 foederatos
459 1623 656 1683 divisa
701 1639 820 1684 est:
871 1637 933 1683 et
973 1623 1329 1704 temperatis
1370 1620 1765 1680 constitutio-

76 1710 255 1768 nibus
293 1712 674 1792 gubernatur
711 1713 786 1770 ab
828 1712 901 1770 iis
938 1709 1347 1793 Principibus.
1383 1708 1452 1788 a)

257 1797 302 1874 §.
370 1804 422 1858 2.
489 1802 708 1858 Status
760 1800 1110 1875 Religionis
1156 1810 1218 1855 et
1274 1795 1760 1855 Consvetaditzis‘.

86 1884 347 1943 Polonos
374 1885 520 1945 olim
562 1889 623 1945 in
671 1888 1027 1970 paganismo
1071 1885 1298 1944 vixisse
1327 1887 1655 1943 cromeras
1700 1883 1765 1965 in

75 1993 178 2029 sua
212 1974 481 2032 Historia
516 1974 800 2057 pluribus
837 1971 1103 2033 ostendit
1129 1994 1325 2055 usque
1349 1969 1620 2031 seculum
1658 1967 1764 2029 de··

73 2062 337 2135 cimum3
391 2083 520 2142 quo
579 2084 729 2122 aevo
777 2059 1200 2122 Christianum
1245 2081 1469 2120 nomen
1532 2056 1762 2140 impri-

74 2151 188 2207 mis
230 2147 393 2231 apud
455 2148 721 2211 Polonos
787 2149 1120 2233 propagari
1165 2147 1399 2232 coepit,
1445 2166 1586 2204 nam
1642 2146 1763 2202 Ze·-

913 2258 954 2294 ιι
1001 2237 1035 2294 2
1537 2253 1666 2291 mo—

147 2450 216 2516 cz)
263 2448 522 2519 <Poloniae
582 2446 979 2516 Geographiam
1025 2441 1236 2514 egregie
1270 2440 1491 2513 scripsit
1538 2441 1761 2494 Martin.

215 2519 477 2573 Zeilerus.
514 2517 700 2568 Ulmac
740 2514 890 2569 1657.
924 2525 976 2566 et
996 2515 1185 2565 Simon
1206 2512 1601 2565 Starovolscius
1635 2529 1763 2562 cum

219 2588 550 2656 praefatione
592 2583 891 2638 Hermanni
924 2585 1166 2653 Coringii
1193 2622 1206 2644 ‚
1236 2581 1583 2651 Guelferbyti
1609 2579 1765 2635 1656.

214 2656 342 2708 item
387 2657 543 2714 Joan.
599 2654 647 2706 T
653 2657 880 2711 heodor.
926 2656 1266 2725 Sprengerus
1321 2653 1600 2704 Poloniam
1654 2667 1762 2700 no·-

213 2744 335 2777 vam
367 2738 418 2778 et.
449 2726 729 2796 antiquam
765 2725 938 2777 edidit
970 2722 1317 2779 Francoforti
1355 2721 1505 2775 1656.
1535 2719 1761 2770 Andre-

217 2815 271 2845 as
307 2798 568 2849 Cellarius
610 2796 867 2847 Poloniac
901 2795 1321 2864 descriptionem
1357 2787 1764 2842 Amstelodami

221 2862 370 2918 16:39.
408 2866 712 2918 Bernardus
748 2866 968 2916 Connor
1004 2864 1353 2916 Germanicae
1392 2860 1633 2930 prodivit
1666 2858 1763 2909 Li-

217 2937 361 3003 psiae
399 2935 551 2991 1700.
590 2935 683 2987 ubi
718 2936 969 2988 Poloniae
1007 2936 1188 2986 Status
1227 2931 1533 2985 Histoi-icus
1556 2969 1570 2990 ‚
1607 2928 1761 2999 Phy-

218 3007 355 3058 sicus
375 3045 388 3071 ‚
424 3005 683 3059 Politicus
717 3016 770 3058 ct
808 3003 1214 3059 Ecclesiasticus
1248 3000 1628 3058 adumbratur.
