1940 3672
234 197 351 255 142
759 199 1185 257 Historia

138 356 345 418 omnia
385 378 625 441 genera.
713 360 911 442 Regio
944 357 1093 420 haec
1133 355 1392 420 condam
1439 356 1665 418 multos
1700 356 1808 417 ha·-

133 446 269 505 huit
308 447 570 527 1egu108,
617 445 797 507 hodie
827 447 941 506 sub
974 447 1212 530 Anglol
1218 469 1320 507 um
1360 445 1660 527 regimine
1700 469 1811 528 per

139 538 478 592 Dominam
544 538 904 610 deputatam
966 534 1288 594 administr
1276 545 1462 609 atui,
1514 536 1684 593 venit
1745 536 1807 591 in

138 623 479 684 dominium
518 621 865 704 Anglorum
910 624 1073 681 ciica
1103 646 1152 680 a.
1207 623 1388 680 1175.
1437 643 1563 703 quo
1604 624 1810 678 Rode-

137 715 303 770 ricas
321 710 661 769 Connaciae
693 731 824 783 reX,
871 730 934 767 se
969 732 1177 793 regem
1213 713 1535 768 universae
1582 710 1781 768 Hiber

141 803 277 858 niae
321 799 705 870 nominavit,
750 819 827 856 ex
877 794 1050 878 cujus
1094 797 1359 857 factione
1406 811 1613 856 ortum
1670 796 1815 856 dein

145 901 253 958 est,
273 899 343 943 ut
366 885 470 942 alii
492 884 692 968 reguli
708 898 944 968 sponte,
960 884 1061 942 alii
1085 882 1218 966 jure
1234 907 1546 945 armorum
1563 908 1624 946 se
1643 887 1820 942 Hen-

143 979 273 1035 rico
296 972 735 1055 ILAnglorum
750 975 906 1054 Regi
925 970 1317 1054 subjecerint3
1332 997 1364 1030 a
1394 995 1519 1054 quo
1538 989 1819 1055 tempore

145 1085 340 1145 usque
364 1065 711 1121 Hem-icum
754 1064 941 1120 VIII.
980 1064 1238 1119 Domini
1264 1062 1609 1119 Hiberniae
1633 1081 1821 1118 voca-

147 1155 394 1226 bantur,
417 1153 527 1233 qui
547 1151 781 1234 primus
806 1174 838 1208 a
861 1150 1220 1233 proceribus
1234 1149 1709 1209 RexHiberniae
1724 1147 1821 1205 fu-

150 1247 198 1302 it
218 1239 528 1312 salutatuS,
554 1240 848 1321 quoniam
876 1238 1082 1299 multis
1106 1260 1330 1298 nomen
1365 1240 1628 1296 Domini
1659 1238 1822 1294 invi-

145 1352 281 1392 sum
303 1326 638 1388 videretur.
662 1327 959 1386 Hibernia
981 1329 1046 1385 in
1068 1328 1346 1408 quinque
1362 1327 1710 1409 provincias
1730 1322 1825 1381 di-

147 1418 405 1490 viditur,
440 1418 531 1475 uti
552 1418 614 1473 in
634 1417 1006 1493 Lageniam,
1049 1417 1438 1488 Connaciczm,
1489 1417 1822 1484 Uitelliam,

149 1506 527 1566 Momoniam
543 1517 603 1564 et
621 1506 916 1578 Mediam,
934 1524 1090 1586 quae
1125 1505 1480 1585 provinciae
1503 1502 1616 1560 alia
1639 1501 1824 1562 terri-

152 1597 313 1655 toria
347 1595 588 1653 minora
624 1593 687 1650 in
711 1613 774 1651 se
801 1591 1313 1674 complectuntur,
1347 1590 1824 1672 incolebantque

148 1685 296 1743 olim
316 1683 468 1741 varii
491 1680 706 1763 populi
732 1680 819 1738 uti
846 1702 857 1737 :
887 1684 959 1738 V
950 1682 1188 1750 ellantii,
1215 1682 1450 1751 Darni,
1476 1680 1784 1758 Robogclii
1805 1719 1822 1747 ,

151 1775 315 1830 Erni
333 1782 443 1828 etc,
471 1771 842 1850 Praecipuae
863 1791 940 1825 u1
943 1768 1048 1827 bes
1068 1779 1241 1824 sunt:
1267 1768 1575 1823 Diablinia
1595 1781 1752 1824 metr
1757 1788 1823 1825 o-

150 1858 309 1943 polis
333 1872 394 1918 et
417 1859 585 1938 regia
602 1856 802 1916 sedes·
788 1902 802 1931 ,
857 1855 1341 1930 chitterfhrdia,
1370 1857 1665 1913 Limmit·
1642 1876 1824 1928 icam,

161 1946 852 2023 Corcagia,Ar7nacam
894 1958 956 2004 et
973 1943 1105 2000 alia.
1152 1940 1434 2000 Flumina
1483 1964 1635 2002 velo
1680 1956 1826 2002 sunt

150 2037 535 2111 Avenlifliw,
574 2035 886 2107 Βοαηᾱηε,
929 2033 1185 2103 Banna,
1233 2031 1494 2107 Limine,
1542 2034 1827 2092 Moaclas.

158 2121 816 2204 Archi-Episcopatus
862 2135 1159 2203 quatuor:
1207 2123 1612 2179 Dablinensis
1647 2120 1828 2180 simul

153 2214 392 2272 Primas
428 2211 804 2284 Hiberniae,
857 2210 1359 2282 Armczclziensis,
1436 2212 1823 2267 Cassiliensis

155 2315 219 2361 et
273 2303 656 2373 ToamensiS,
702 2299 995 2357 maximas
1057 2298 1222 2358 vitae
1262 2297 1721 2357 commoditates
1768 2300 1832 2356 in

151 2389 501 2448 Mercatura
565 2385 808 2447 habent.
902 2384 1105 2444 Hodie
1168 2386 1507 2446 Hiberniae
1592 2386 1828 2447 incolae

154 2498 365 2537 omnes
399 2474 787 2556 Religionem
810 2475 1090 2533 Romano
1131 2473 1505 2533 Catholicam
1535 2472 1828 2556 profiten-

157 2578 258 2623 tur
285 2610 300 2638 ,
346 2563 427 2623 ob
473 2563 643 2646 cujus
669 2564 985 2645 religionis
1005 2561 1213 2621 odium
1241 2562 1318 2620 ab
1342 2561 1555 2642 Anglis
1604 2564 1831 2642 quibus

155 2652 442 2723 subsunt,
487 2652 772 2711 omnibus
819 2648 1063 2732 juribus
1093 2651 1369 2709 Civitatis
1415 2652 1664 2733 privati,
1712 2652 1829 2709 mi-

157 2762 354 2800 seram
397 2753 627 2798 sortem
675 2739 905 2798 habent
958 2740 1017 2795 in
1070 2740 1326 2820 proprio
1368 2740 1548 2797 etiam
1602 2760 1830 2819 regno,

155 2852 294 2888 nam
343 2825 420 2884 ad
454 2829 619 2885 nulla
641 2830 841 2886 munia
867 2827 1107 2910 publica
1146 2826 1551 2885 :ruhniuuntur
1581 2825 1826 2907 majora.

321 2918 396 2974 II.
492 2919 702 2973 Scotia
736 2917 882 2975 olim
903 2917 1178 2973 Albania
1201 2914 1298 2974 vel
1323 2918 1658 2973 Britannici
1672 2940 1833 2992 par-

164 3025 241 3060 ιτι
291 3002 470 3076 dicta,
518 3027 648 3066 eam
685 3003 961 3087 undique
989 3003 1269 3062 ambiunt
1304 3006 1577 3066 Oceanus
1616 3018 1677 3065 ct
1700 3008 1830 3066 Ma-

1684 3119 1713 3154 l*
1720 3115 1749 3152 C
