1940 3672
212 180 328 239 108
784 187 1223 246 Historia

111 358 209 445 jas
266 362 427 425 filius
474 365 745 426 adultior
801 365 931 426 zelo
984 362 1419 449 propagandae
1474 362 1795 447 religionis

111 449 334 511 ardens
358 499 374 527 ,
421 454 730 514 infelicem
761 452 1218 535 expeditionem
1251 457 1316 512 in
1354 454 1614 513 Terram
1658 474 1799 511 san-

110 554 272 599 ctam
300 543 599 623 suscepit,
646 563 787 599 nam
822 542 969 598 licet
989 545 1366 599 Damiacam
1389 560 1791 623 expugnave-

110 630 236 704 rit,
283 641 343 688 et
381 631 559 687 initio
613 631 798 687 etiam
851 630 1188 688 Saracenos
1228 632 1648 713 superaverit,
1695 649 1803 687 ve—

109 736 253 773 rum
323 730 530 796 postea
602 718 803 773 victus
829 760 845 789 ,
945 726 1005 774 et
1074 718 1346 775 Roberto
1413 717 1606 776 fratre
1690 737 1800 774 suo

107 799 233 884 jam
265 801 623 875 interfectO,
656 805 784 884 ipse
819 805 1007 862 etiam
1036 804 1494 865 cumfratribus
1531 806 1652 864 suis
1682 806 1802 861 Ca-

109 893 241 947 rolo
285 904 348 950 et
388 892 705 966 Alphonso
740 893 1019 974 captivus
1043 890 1349 951 abductus
1384 906 1509 969 est,
1535 890 1699 951 unde
1728 891 1805 948 li·-

107 976 354 1037 heratus
388 993 719 1061 postquam
770 981 1184 1036 leeobalclmn
1255 983 1628 1064 Campaniae
1684 982 1806 1039 Co-

107 1068 324 1125 mitem
355 1088 498 1125 cum
543 1070 723 1127 sociis
773 1068 836 1126 in
883 1066 1167 1127 ordinem
1221 1068 1598 1152 redegisset,
1656 1089 1806 1126 mox

112 1175 258 1213 cum
290 1155 550 1237 Angliae
572 1177 717 1238 rege
757 1176 967 1237 pacem
1006 1155 1082 1214 de
1113 1157 1159 1214 F
1164 1159 1422 1216 rancicis
1458 1155 1806 1214 ditionibus

112 1244 310 1302 iniens
340 1288 356 1318 ,
401 1243 581 1303 aliam
622 1246 838 1302 sumsit
873 1243 1342 1328 expeditionem
1402 1249 1466 1303 in
1516 1244 1809 1303 Palaesti-

108 1351 286 1403 nam,
349 1334 459 1414 qui
516 1335 580 1390 in
639 1331 915 1394 Africam
970 1336 1277 1392 transiens
1350 1336 1806 1410 Carthaginem

107 1419 392 1501 subegit,
449 1423 834 1481 Tcmecamcm
881 1441 1091 1503 regem
1151 1425 1246 1482 lo.
1302 1423 1565 1481 millium
1623 1419 1808 1480 caede

107 1508 496 1591 profligavit,
545 1508 651 1569 sed
701 1508 810 1567 ubi
860 1512 1162 1568 Tunetzcm
1209 1510 1566 1583 obsideret,
1626 1530 1807 1567 saeva

106 1611 277 1679 peste
305 1611 555 1657 vexatus
578 1643 593 1671 ,
639 1600 973 1656 maximam
1006 1601 1317 1657 exercitus
1356 1610 1601 1680 partem
1626 1599 1809 1655 amit-

105 1697 277 1761 tens,
325 1687 453 1768 ipse
497 1690 561 1745 in
598 1683 803 1744 reditu
841 1684 1167 1744 horrendis
1204 1686 1491 1769 procellis
1519 1688 1804 1766 agitatus,

106 1787 170 1833 et
217 1787 384 1856 peste
442 1777 751 1834 extinctus
804 1776 986 1833 1270.
1037 1771 1294 1832 demum
1345 1775 1410 1830 in
1469 1793 1807 1830 numerum

107 1861 478 1920 Sanctorum
525 1862 752 1922 relatus
811 1875 914 1920 est.
964 1861 1077 1919 Cui
1144 1863 1208 1918 in
1262 1881 1458 1943 regno
1519 1862 1810 1920 successit

103 1946 264 2008 filius
298 1951 375 2015 X,
414 1953 740 2026 Philippus
782 1950 888 2008 Ill.
937 1950 1171 2007 Audax
1200 1994 1215 2022 ,
1258 1962 1508 2008 mortuo
1557 1951 1808 2006 Heari-

105 2060 174 2094 σο
216 2060 360 2119 rege
398 2039 721 2097 Navarrae
751 2059 897 2096 mox
940 2035 1129 2096 filiam
1164 2035 1301 2119 ejus
1341 2038 1697 2094 Jolzarmam
1735 2035 1808 2094 fi-

102 2125 190 2185 lio
231 2149 340 2187 suo
378 2130 662 2204 Philippo
702 2129 766 2184 in
808 2146 1070 2186 uxorem
1115 2124 1381 2197 ducem,
1431 2124 1634 2185 eidem
1678 2123 1807 2184 [ilio

99 2215 413 2276 Navarrae
458 2238 723 2298 regnum
764 2215 1137 2295 acquisivit,
1199 2212 1308 2274 sed
1365 2212 1526 2272 Galli
1573 2234 1647 2272 eo
1702 2235 1805 2272 re—

101 2320 329 2384 gnante
362 2307 560 2364 tristes
590 2308 903 2379 Vesper-as
944 2305 1258 2359 Slczclicas
1285 2304 1349 2360 in
1373 2300 1581 2359 Sicilia
1616 2305 1801 2362 1282.

99 2412 208 2449 seu
255 2391 453 2452 clades
502 2414 657 2475 passi
701 2405 860 2450 sunt.
911 2395 977 2465 α)
1013 2391 1277 2449 Interim
1324 2389 1477 2448 dum
1517 2390 1797 2469 Arrago·

99 2481 266 2541 niam
309 2484 529 2539 Cat-olo
578 2484 829 2538 Valesio
884 2478 1138 2539 fratria
1197 2476 1496 2539 Pontifice
1561 2476 1809 2557 adjudi-

99 2583 293 2630 catam
335 2569 719 2630 revindicare
756 2566 979 2642 vellet,
1061 2570 1320 2625 Petram
1378 2566 1803 2647 Arragonium

98 2679 312 2740 regem
353 2656 737 2717 memorabili
786 2678 991 2740 pugna
1036 2653 1111 2712 ad
1156 2659 1512 2713 Get-[melam
1563 2655 1803 2713 vicitet

96 2743 402 2809 lethaliter
436 2745 828 2820 vulneravit-3
878 2765 1148 2826 cumque
1185 2747 1514 2804 Pictonum
1570 2753 1631 2800 et
1682 2744 1806 2800 To*

1570 2829 1726 2889 losa-

190 2971 248 3032 τι)
290 2967 386 3017 Die
426 2965 510 3017 30.
546 2965 750 3023 Martii.
793 2963 926 3017 feria
965 2965 1014 3017 12.
1055 2969 1329 3021 Paschatis
1364 2967 1577 3021 accidit.
1616 2967 1811 3021 Johan.

278 3039 344 3087 de
388 3037 650 3105 Prochyta
675 3037 972 3105 impulsore
1008 3047 1239 3091 testatur
1275 3040 1518 3091 Thomas
1558 3039 1815 3093 Fazcllus.

290 3109 409 3158 Dec.
433 3105 483 3160 2.
523 3109 577 3158 L.
601 3105 651 3157 ὃ.
694 3127 736 3157 c.
758 3108 806 3160 ·i-.
829 3107 1051 3160 Cercius
1080 3111 1278 3163 Sabell.
1315 3111 1552 3163 Ennead.
1591 3111 1640 3163 9.
1680 3112 1739 3161 L.
1768 3108 1818 3159 7.
