1940 3672
473 214 932 272 Britannorum
973 215 1033 268 et
1080 206 1445 281 slaglorum.
1611 201 1728 262 151

152 383 532 448 Christianae
563 386 842 465 dogmata
884 392 1110 442 conatu
1151 376 1422 438 maximo
1469 370 1821 454 Anglorum

145 489 388 554 gentem
423 470 786 535 edocendam
812 514 828 543 ‚
862 466 1111 528 hortatu
1151 477 1211 527 et
1257 458 1712 548 praedicatione
1747 459 1821 517 il-

156 560 528 622 lustrandam
590 560 842 619 curavit.
935 558 1000 637 a)
1062 558 1133 618 In
1186 551 1296 614 hac
1356 572 1509 611 vero
1582 548 1822 605 Christi

155 649 449 708 Doctrina
493 649 764 731 perstitit
807 645 1125 704 Britannia
1182 662 1379 724 usque
1437 637 1514 698 ad
1578 636 1820 710 Viclqfii

158 749 473 817 tempora,
526 737 635 819 qui
698 734 845 794 alias
906 731 1221 794 Professor
1272 730 1494 791 Sacrae
1560 725 1818 806 Paginae

153 821 308 881 fastu
344 837 406 882 et
457 825 706 884 scientia
762 836 1037 896 tumens,
1080 816 1432 878 abundante
1485 833 1594 874 suo
1640 832 1819 871 sensu

148 908 477 969 Ecclesiam
524 914 850 987 puriorem
896 914 1147 971 reddere
1193 919 1260 966 ut
1300 901 1546 965 dicebat
1581 900 1819 980 coepit:

146 995 318 1077 cujus
363 1011 564 1058 tamen
602 997 886 1059 doctrina
925 1020 1071 1058 mox
1128 995 1244 1055 fuit
1278 991 1561 1051 damnata
1586 1032 1601 1058 ‚
1637 999 1699 1047 et
1730 987 1825 1069 ip-

145 1105 208 1144 se
250 1106 442 1167 regno
477 1087 699 1169 pulsusg
748 1084 1165 1147 Vehementer
1192 1102 1342 1162 ergo
1370 1073 1819 1163 deplorandum

144 1186 276 1246 est,
311 1173 480 1256 quod
529 1174 1030 1237 florentissimum
1081 1172 1266 1231 hoece
1314 1187 1616 1249 regnum,
1651 1161 1823 1221 Reli-

144 1262 395 1342 gionem
439 1260 853 1323 Christianam
907 1260 1142 1321 dudum
1196 1269 1510 1338 acceptam
1571 1264 1635 1317 et
1690 1272 1823 1307 ma-

143 1370 263 1430 gna
310 1351 536 1433 pietate
571 1365 998 1413 conservatam
1022 1396 1039 1424 ,
1070 1345 1405 1409 successive
1441 1363 1554 1424 per
1610 1338 1695 1397 sic
1729 1335 1824 1393 di-

141 1451 308 1497 ctam
344 1437 852 1500 reformationem
901 1438 1191 1498 amiserit.
1283 1434 1538 1491 Certum
1570 1423 1824 1509 quidem

144 1524 377 1585 nullam
410 1543 657 1610 gentem
696 1551 731 1586 a
766 1523 1168 1588 Pontificibus
1191 1518 1486 1582 Romanis
1521 1517 1605 1574 ita
1640 1511 1824 1576 fuisse

137 1635 493 1696 oppressam
519 1662 534 1691 ‚
572 1639 716 1676 nam
756 1614 1020 1698 Angliae
1062 1627 1127 1674 et
1163 1608 1506 1671 Hiberniae
1543 1623 1734 1684 regna
1783 1622 1818 1657 a

143 1702 382 1760 Jocmne
415 1705 587 1786 Rege
633 1719 812 1766 erant
845 1705 1147 1785 resignata
1207 1701 1271 1756 in
1315 1714 1531 1762 manus
1592 1693 1820 1750 Roma-

139 1790 204 1848 ni
239 1790 550 1853 Pontificis
576 1815 717 1853 curn
768 1791 905 1873 jure
949 1787 1345 1873 proprietatis
1388 1795 1452 1845 et
1494 1776 1813 1841 clientelae

135 1899 230 1936 an.
276 1881 441 1940 1213
499 1880 664 1942 unde
731 1879 1080 1963 Anglorum
1134 1893 1422 1960 proceres
1468 1867 1760 1931 commoti
1802 1909 1819 1937 ,

137 1987 399 2047 regnum
437 1966 796 2030 detulerunt
857 1968 1174 2027 Ladovico
1234 1962 1483 2021 sziori
1538 1956 1819 2030 Philippi

137 2058 414 2132 Augusti
473 2055 644 2133 fili03
689 2078 891 2139 neque
935 2054 1012 2117 de
1044 2064 1220 2115 erant
1249 2050 1353 2111 alii
1393 2048 1579 2109 etiam
1633 2044 1817 2104 Prin-

132 2143 300 2224 cipes
329 2189 345 2218 ,
384 2147 494 2227 qui
545 2144 845 2206 Ecclesiae
890 2164 959 2202 ac
1006 2143 1183 2225 regni
1221 2137 1360 2223 jura
1402 2131 1670 2195 mascule
1714 2143 1816 2191 tu-

136 2230 436 2307 ebantur,
471 2235 952 2317 impositumque
1002 2250 1279 2290 annuum
1314 2225 1622 2285 tributum
1671 2221 1817 2278 sim-

141 2318 386 2401 pliciter
452 2320 866 2405 denegarunt3
932 2321 1008 2400 b)
1067 2320 1384 2377 Henricas
1431 2313 1597 2373 enim
1643 2307 1812 2369 VIII.

132 2405 348 2491 jugum
379 2408 533 2469 sedis
558 2411 871 2470 Romanae
901 2409 1144 2493 penitus
1177 2405 1470 2474 excussit,
1518 2399 1590 2478 c)
1623 2397 1818 2456 viam-

131 2517 259 2578 que
299 2496 377 2557 ad
415 2496 947 2561 Reformationem
1005 2493 1271 2561 munivit
1311 2491 1456 2553 licet
1487 2488 1663 2548 initio
1723 2485 1818 2566 ip-

1664 2595 1727 2634 se

203 2752 276 2827 a)
312 2755 545 2809 Didacus
599 2755 956 2809 Cuverruvias
985 2757 1041 2806 in
1076 2751 1413 2825 praefatione
1442 2748 1570 2801 libri
1645 2743 1810 2797 raeti-

267 2827 891 2982 Ξῖἓῗωιςὲξξὶᾗῗὲῗᾛ·
907 2822 1252 2949 ἋῈἛΞἚ.
1286 2821 1546 2942 ἓῖἶῗὲιέῗ·
1598 2813 1808 2939 offis}

268 2956 1537 3106 ἘὰΑοῖ-Ῑῗ’Μξέιι.3’Ρῖιῖἓᾶρῗωσὲἒῗηέὴῖὸηῗ’
1561 2952 1817 3079 iaia&

266 3123 320 3177 pp
357 3101 474 3158 193.
