1940 3672
276 222 393 281 102
835 232 1270 289 Historia

172 400 457 478 granensi
535 402 1110 481 Christianissimas
1163 401 1502 488 appellatus
1545 444 1562 473 ,
1630 394 1859 456 exactis

170 488 485 566 potentiae
527 509 672 548 suae
730 493 826 551 26.
873 494 1048 552 annis
1103 492 1260 552 obiit
1302 515 1395 550 an.
1455 491 1598 549 840.
1652 486 1864 544 aetatis

174 573 274 632 64.
325 575 467 633 Post
510 574 682 658 cujus
729 577 972 637 obitum
1028 593 1273 638 vastum
1310 580 1694 637 Francorum
1731 571 1859 629 Im-

171 659 419 741 perium
458 660 730 721 divisum
784 664 907 724 fuit
949 667 1108 725 inter
1163 681 1285 727 tres
1328 665 1456 749 ejus
1513 662 1669 722 filios
1739 660 1858 735 ita,

168 759 239 804 ut
309 749 658 806 Lotlmrc'zcs
747 751 1001 834 Imperii
1071 751 1436 835 dignitatem
1472 798 1486 826 ‚
1552 748 1795 809 Italiam
1839 792 1856 822 ,

167 833 591 914 Burgundiam
619 852 680 897 et
705 836 1086 900 Austrasiam
1109 887 1123 915 7
1149 845 1498 901 Ladovicas
1529 835 1856 898 Germani-

165 941 265 978 am
285 967 302 992 ‚
331 934 392 980 et
426 925 684 984 Carolus
734 928 957 986 Calvus
987 928 1034 986 F
1040 932 1311 989 ranciam
1349 929 1649 988 obtineat:
1690 945 1851 1006 quae

165 1004 388 1068 divisio
459 1015 874 1075 maximarum
941 1016 1272 1075 turbarum
1339 1019 1516 1099 origo
1592 1013 1846 1074 exstitit·

158 1096 267 1163 IV,
337 1100 594 1159 Cat-olas
651 1105 912 1177 Galum,
959 1107 1260 1164 Laclovici
1310 1108 1410 1163 Pii
1453 1101 1612 1161 filius
1649 1102 1852 1181 impe-

165 1184 333 1244 rium
373 1187 695 1266 obtinens,
731 1213 878 1251 mox
927 1192 1093 1253 bello
1136 1192 1344 1252 fratris
1382 1188 1847 1273 excipiebatur,

157 1271 265 1331 sed
306 1296 510 1358 pugna
548 1277 621 1336 ad
661 1281 1067 1340 Fontinatam
1086 1281 1300 1341 villam
1337 1279 1591 1340 comissa
1625 1287 1848 1334 contra

155 1361 535 1423 Lothariam
604 1365 864 1428 fratrem
920 1371 1123 1430 victor
1184 1371 1410 1444 evasit3
1477 1367 1543 1446 a)
1602 1385 1729 1446 quo
1778 1365 1843 1423 in

149 1448 387 1530 praelio
418 1465 659 1513 tantum
692 1454 969 1516 Francici
989 1459 1257 1540 sagvinis
1288 1455 1492 1515 fusum
1513 1466 1620 1527 est,
1646 1473 1845 1533 quan-

149 1545 283 1595 tum
341 1535 633 1601 haetenus
679 1541 888 1604 fusum
935 1568 1061 1605 non
1104 1559 1272 1618 erat,
1326 1557 1466 1627 post
1512 1540 1657 1599 haec
1692 1539 1840 1599 875.

153 1642 449 1688 coronam
541 1628 750 1691 fratris
864 1635 1167 1692 Lotlzam‘c‘
1276 1653 1466 1714 quam
1570 1626 1832 1688 obtinu-

151 1726 321 1786 erat,
367 1737 494 1775 non
536 1717 644 1777 diu
681 1734 892 1780 tenere
941 1723 1185 1808 potuit,
1245 1741 1390 1778 nam
1447 1717 1624 1777 brevi
1691 1719 1835 1776 877.

152 1819 393 1862 veneno
443 1826 630 1888 opera
681 1807 908 1867 Medici
960 1809 1178 1869 Judaei
1234 1806 1507 1866 sublatus
1554 1814 1660 1864 est.
1723 1803 1834 1865 Cui

151 1893 435 1950 successit
491 1897 562 1955 V.
616 1898 976 1954 Ludovicas
1023 1902 1097 1958 II.
1163 1896 1402 1954 Balbus
1446 1895 1509 1951 in
1572 1912 1837 1973 regnum

154 1974 260 2034 sed
299 2000 426 2038 non
461 1983 524 2039 in
564 1982 904 2066 Imperium
927 2031 943 2059 ,
973 1987 1075 2044 cui
1110 1997 1246 2068 post
1287 1997 1411 2043 tres
1453 2002 1643 2039 annos
1671 2000 1836 2043 mor-

150 2073 257 2122 tuo
297 2084 715 2130 successerunt
752 2071 858 2130 filii
889 2077 991 2135 VI.
1040 2076 1390 2133 Lacloviezcs
1435 2084 1496 2130 et
1519 2068 1654 2127 Vll.
1713 2069 1832 2130 Ca-

148 2156 573 2233 νοίοιηαηηιιε,
622 2162 730 2241 qui
788 2159 1077 2221 fraternis
1120 2159 1384 2220 dissidiis
1445 2162 1667 2220 intenti
1729 2182 1831 2222 us-

153 2260 275 2321 que
326 2266 555 2304 annum
614 2248 753 2308 885.
802 2253 1036 2310 mortui
1090 2262 1266 2321 sunt,
1313 2270 1439 2330 quo
1492 2271 1650 2308 anno
1705 2253 1831 2310 Re-

148 2347 339 2407 gnum
380 2332 764 2395 Francorum
804 2338 1076 2397 obtinuit
1111 2337 1281 2395 VIII.
1337 2338 1595 2395 Cal-olas
1639 2340 1829 2397 Cras..

142 2437 246 2473 stes
293 2422 400 2500 qui
445 2423 581 2502 licet
625 2445 885 2506 regnum
937 2423 1478 2508 Longobardicum
1531 2446 1824 2510 occupas-

145 2518 271 2578 set,
318 2509 390 2587 b)
440 2510 807 2571 Germaniae
847 2527 1085 2595 partem
1139 2516 1296 2573 mire
1350 2512 1660 2572 turbatam
1699 2515 1817 2574 sibi

142 2590 527 2675 subjecisset,
577 2612 639 2659 et
689 2603 1016 2678 Ilugotzem
1062 2603 1420 2682 Tyrannum
1489 2606 1822 2685 oppressis-

139 2693 270 2751 set,
310 2681 469 2744 bella
514 2700 715 2747 tamen
761 2704 975 2748 contra
1018 2687 1480 2749 Northmannos
1531 2690 1683 2749 adeo
1722 2694 1817 2750 in-

137 2763 400 2832 feliciter
456 2776 681 2856 gessit,
726 2790 793 2834 ut
849 2779 921 2837 iis
967 2778 1320 2837 Neustriam
1391 2776 1818 2862 possidendam

1520 2864 1730 2942 daret3

202 3049 284 3118 a)
315 3047 578 3118 Rhegino.
615 3053 679 3103 ad
709 3072 792 3109 an.
824 3054 944 3110 875.
972 3054 1217 3111 Aiinoiu.
1258 3057 1316 3108 L.
1353 3057 1401 3111 5.
1436 3077 1481 3111 e.
1513 3054 1578 3109 32
1616 3084 1683 3097 --·
1724 3056 1809 3112 35.

272 3114 340 3186 b)
380 3119 546 3173 Idem.
589 3140 634 3177 σ.
662 3122 746 3178 40.
783 3126 1029 3196 Rhegino
1061 3147 1147 3180 an.
1184 3126 1308 3180 881.
