1940 3672
243 108 365 166 350
792 109 1200 167 Ili-storia

149 290 276 346 sitis
338 284 626 368 praemiis
667 281 742 343 ad
777 286 1148 347 exercendas
1189 301 1346 349 artes
1374 333 1389 364 ‚
1450 290 1837 356 tractandam

147 373 592 456 agriculturam
627 386 687 431 et
717 375 1168 455 promovendas
1193 399 1287 436 res
1313 376 1670 438 domesticas
1690 403 1837 462 per-

145 464 345 523 movit
369 506 385 535 ,
431 461 577 519 alios
612 481 764 520 vero
801 482 836 518 a
882 461 1196 524 laboribus
1234 464 1637 526 abhorrentes
1685 490 1833 551 poe«

145 554 241 610 nis
274 552 451 610 etiam
493 547 715 629 adegit3
762 570 882 630 pro
926 555 1334 634 occupatione
1368 555 1599 613 civium
1632 557 1833 615 varias

147 637 408 697 fabricas
447 638 684 710 erexit,
732 658 959 720 eosque
1004 636 1080 695 ad
1127 644 1606 722 negotiationem
1648 665 1834 703 exer-

149 724 407 786 cendam
441 723 689 784 classem
726 740 1085 787 construere
1120 726 1355 805 docuit,
1418 743 1832 794 mercaturam

148 815 526 873 maritimam
560 816 914 894 promovit:
963 815 1124 875 Cleri
1162 821 1593 878 auctoritatem
1638 821 1833 894 auxit,

144 916 342 983 utque
383 901 505 959 viri
544 901 715 959 Sacri
763 915 825 961 et
869 902 1123 962 Profani
1169 905 1428 988 amplius
1476 909 1535 965 in
1570 906 1839 967 honestis

143 988 482 1072 disciplinis
511 991 906 1072 scientiisque
957 1005 1078 1050 tam
1126 987 1590 1055 humanioribus
1645 1017 1834 1075 quam

142 1077 611 1139 sublimioribus
632 1079 752 1137 rite
773 1078 1258 1140 informarentur
1279 1084 1541 1141 instituit
1564 1107 1610 1140 a.
1646 1084 1718 1140 17
1732 1087 1830 1148 242

143 1166 630 1227 Celeberrimam
653 1165 1066 1228 Scientiarum
1099 1168 1495 1230 Academiam
1533 1174 1833 1246 Petropo-

146 1260 192 1314 lc·
215 1301 230 1330 ,
279 1278 438 1338 quae
479 1254 660 1315 hodie
706 1257 890 1317 etiam
915 1279 1133 1339 magna
1165 1261 1432 1317 nominis
1468 1257 1829 1320 celebritate

152 1343 333 1404 floret
401 1364 542 1404 cum
609 1341 843 1425 adjecta
926 1344 1332 1406 celeberrima
1410 1348 1824 1407 Scientiarum

146 1433 467 1491 Societate.
532 1469 615 1477 —
679 1433 879 1517 Hujus
946 1435 1155 1511 Magni
1240 1436 1638 1517 Imperatoris
1704 1433 1831 1494 filia

153 1523 523 1579 Elisabetha
608 1524 879 1605 paternis
951 1522 1287 1583 virtutibus
1344 1522 1653 1608 praedita,
1700 1525 1835 1582 sin-

141 1608 340 1689 gulari
381 1608 797 1671 sollicitudine
849 1631 917 1669 ac
980 1608 1354 1670 liberalitate
1395 1625 1827 1687 mercaturam,

140 1712 301 1756 artes
344 1712 405 1757 et
449 1700 730 1759 scientias
771 1697 1091 1780 complexa
1133 1711 1259 1771 est,
1302 1720 1460 1779 quae
1498 1697 1832 1758 Academi--

140 1808 238 1845 am
275 1786 798 1870 Petropolitanam
839 1789 1018 1846 novis
1050 1783 1354 1844 reditibus
1391 1789 1564 1844 auxit
1601 1800 1661 1845 et
1702 1810 1831 1846 ma-2.

141 1873 376 1952 joribus
412 1873 754 1956 privilegiis
789 1878 1052 1934 ornavit.
1101 1875 1224 1933 Pro
1266 1872 1500 1957 majore
1555 1895 1829 1934 commo-

142 1962 330 2022 ditate
361 1964 709 2024 Russorum
742 1987 795 2024 a.
855 1963 1037 2022 1755.
1059 1963 1294 2044 magnis
1325 1963 1673 2045 sumptibus
1694 1986 1830 2026 ere—

139 2052 234 2110 xit
271 2053 569 2110 Jhosczccce
626 2050 1082 2112 Amoeniorum
1129 2052 1383 2108 Artium
1441 2053 1831 2111 Universita-

139 2155 289 2205 tem.
343 2141 695 2198 Camarina
726 2143 817 2198 II.
867 2137 1153 2199 Artifices
1188 2143 1250 2197 in
1274 2140 1554 2199 Russiam
1573 2142 1829 2199 venien-

142 2246 229 2299 tes
270 2230 457 2290 variis
505 2228 846 2312 privilegiis
870 2227 1216 2288 honoravit.
1254 2228 1548 2288 Civitates
1583 2227 1831 2310 amplis-

152 2319 318 2383 simis
337 2315 921 2390 aedificiisornavit‚
962 2315 1428 2397 Agriculturam
1462 2331 1529 2375 ut
1565 2315 1832 2398 amplius

140 2419 590 2488 promoveret,
643 2407 952 2483 Petropoli
997 2408 1349 2462 societatem
1390 2408 1830 2464 oeconomicam

141 2494 423 2553 instituit.
458 2492 775 2552 Publicam
820 2495 1126 2553 rationem
1193 2490 1587 2552 Eclucationis
1645 2492 1825 2550 indu-

144 2581 326 2641 duxit
345 2593 406 2640 et
437 2579 766 2656 ordinavit,
790 2604 905 2665 pro
922 2581 1199 2641 Classicis
1223 2579 1606 2640 Authoribus
1625 2625 1639 2653 ,
1659 2580 1822 2641 cele-

147 2671 694 2751 berrimorumque
755 2673 1038 2729 virorum
1086 2667 1381 2752 operibus
1421 2671 1484 2725 in
1541 2667 1819 2750 linguam

138 2759 460 2824 Russicam
507 2758 989 2818 transvertendis
1024 2761 1096 2818 17
1108 2759 1207 2820 96.
1234 2755 1557 2839 specialem
1580 2755 1817 2817 Acade-

144 2849 332 2918 miam
363 2849 577 2906 erexit.
598 2845 801 2906 Hodie
825 2860 1028 2907 autem
1054 2868 1198 2904 cum
1218 2866 1454 2904 summa
1476 2841 1821 2908 hummani-

148 2948 290 3008 tate,
306 2933 630 2995 clementia
651 2946 710 2995 et
728 2934 1451 3017 popularitathmperans
1468 2935 1825 2992 Alexander

144 3030 191 3093 10,
211 3022 400 3091 sciens
422 3045 454 3084 a
474 3022 674 3117 proba
696 3022 1056 3092 educatione
1079 3022 1415 3107 plurimum
1441 3018 1711 3113 pendere
1735 3020 1821 3087 fe-
