1940 3672
305 142 429 206 598
838 148 1254 209 Historia

366 326 721 404 Stephanus
759 327 884 385 III.
933 330 1291 410 gravissima
1314 326 1470 390 bella
1505 326 1586 390 ob
1622 328 1894 392 fratrum‘

212 419 639 476 contentiones
694 437 911 496 gerere
983 418 1323 500 cogebatur
1389 438 1530 475 cum
1592 420 1883 478 ffIccnzcele

204 504 594 563 Graecorum
642 507 1065 584 Imperatore,
1121 528 1155 562 a
1229 528 1354 587 quo
1419 509 1600 566 etiam
1649 510 1883 566 exortis

210 589 557 651 domesticis
618 590 849 667 turbis,
896 611 1089 672 regno
1134 595 1408 675 privatus
1470 608 1559 654 est
1603 591 1764 651 haud
1804 617 1882 654 ex

201 677 358 761 juris
391 678 629 738 Publici
667 679 875 739 causis.
944 681 1057 738 Cui
1092 702 1201 762 per
1251 683 1380 740 vim
1412 695 1471 742 et
1518 678 1882 742 seditionem

206 769 491 826 successit
542 767 760 827 Frater
811 770 1153 826 Laclislczccs
1205 771 1292 826 II.
1358 772 1468 851 qui
1517 771 1701 829 etiam
1743 781 1881 853 post

205 874 312 912 sex
357 858 772 937 usurpationis
795 877 1031 915 menses
1064 858 1429 930 exstinctus,
1474 878 1885 917 successorem

200 937 420 1000 habuit
462 946 598 1025 pari
642 941 1085 1024 Conjuratione
1133 943 1397 1003 electum
1444 943 1704 1004 fratrem
1745 948 1882 1002 Saea

187 1032 481 1104 plumam
532 1033 652 1089 IV.
698 1031 869 1114 cujus
929 1052 1103 1090 causa
1147 1034 1514 1113 gravissimis
1588 1030 1884 1092 caedibus

197 1117 476 1176 involuta
519 1117 639 1176 fuit
672 1119 1011 1202 Hungaria‚
1041 1119 1237 1180 donec
1267 1121 1393 1202 ipse
1415 1143 1652 1180 veneno
1689 1120 1883 1179 obiis*

198 1219 321 1266 set:
368 1203 539 1287 cujus
576 1205 753 1266 obitu
778 1255 793 1283 ‚
841 1210 1194 1283 Stephanus
1230 1210 1359 1265 III.
1410 1208 1576 1268 Solio
1616 1223 1882 1292 paterno

196 1296 537 1369 restitutus,
581 1295 930 1356 condonato
948 1299 1134 1378 primi
1156 1297 1408 1357 triennii
1434 1296 1691 1372 tributo,
1736 1296 1886 1356 sub-

200 1382 475 1442 ditorum
516 1406 791 1444 amorem
835 1384 952 1443 sibi
1004 1383 1396 1444 conciliavit:
1457 1398 1673 1445 contra
1726 1387 1881 1442 Ma-

197 1476 433 1530 nzcelem
478 1472 631 1555 Imp.
687 1486 749 1531 et
784 1472 1055 1532 Venetos
1097 1474 1270 1530 varia
1307 1470 1555 1531 fortuna
1594 1475 1655 1531 in
1687 1473 1883 1531 Croa*

201 1562 288 1617 tia
334 1573 397 1619 et
444 1559 747 1619 Dalmatia
780 1558 1013 1620 bellum
1034 1563 1251 1642 gessit:
1299 1559 1540 1619 tandem
1568 1562 1883 1622 exstinctis

197 1644 750 1707 machinationibus
801 1650 1189 1708 Graecorum
1234 1661 1295 1706 et
1339 1647 1516 1708 bellis
1559 1650 1883 1724 intestiniS‚

195 1757 321 1796 non
350 1738 481 1796 sine
516 1758 757 1796 veneno
807 1734 1064 1795 decessit
1104 1736 1287 1794 1175.
1327 1737 1611 1795 successit
1651 1739 1706 1794 ei

351 1827 517 1883 Belca
565 1827 690 1882 III.
738 1827 801 1881 in
835 1821 973 1882 aula
1013 1823 1395 1882 Graecorum
1429 1822 1738 1894 educatus,
1765 1825 1876 1906 qui

194 1914 497 1995 superatis
542 1933 873 1995 procerum
902 1909 1148 1985 studiis,
1195 1913 1651 1993 sapientissimis
1698 1914 1872 1971 insti-

197 2001 773 2081 tutis”Hungariam
829 2001 1234 2074 restauravit,
1279 1997 1637 2059 facinorosis
1677 1999 1877 2082 legem

190 2087 458 2172 justitiae
508 2091 838 2171 opposuit,
886 2087 1263 2171 judiciorum
1312 2086 1596 2147 ordinem
1658 2111 1868 2148 emen-

188 2176 358 2236 davit
382 2223 398 2252 ,
446 2176 710 2237 Polonos
745 2191 806 2236 et
841 2174 1140 2236 Bohemos
1170 2175 1392 2236 finibus
1435 2178 1611 2257 regni
1672 2176 1877 2235 immi-

188 2279 401 2325 nentes
433 2262 681 2347 rejecit3
725 2279 943 2325 contra
970 2264 1241 2325 Venetos
1257 2266 1468 2344 gravia
1499 2264 1656 2324 bella
1678 2266 1876 2347 gessit,

189 2375 262 2413 ac
299 2368 660 2436 recuperata
709 2353 1044 2426 Dalmatia,
1109 2374 1307 2433 quum
1371 2375 1486 2434 pro
1528 2354 1711 2412 Sacra
1769 2376 1877 2413 ex-

193 2440 510 2524 peditione
540 2443 844 2500 maximos
892 2441 1122 2501 feceret
1176 2454 1546 2523 apparatus,
1594 2454 1874 2501 mortuus

192 2544 283 2589 est
340 2531 528 2605 1196,
573 2543 634 2590 et
673 2523 894 2613 regum
933 2527 1059 2589 filio
1095 2549 1204 2588 suo
1243 2528 1512 2611 reliquit.
1559 2528 1626 2609 a)

1603 2674 1788 2731 Eme-

262 2844 339 2920 a)
377 2846 611 2898 NicetaS.
633 2845 778 2899 Edit.
797 2847 982 2899 Venet.
1019 2866 1073 2918 p.
1125 2846 1211 2899 89.
1234 2845 1525 2898 SchieriUS.
1545 2844 1672 2906 Reg.
1693 2838 1873 2905 Hung.

346 2934 402 2987 p.
437 2915 556 2969 245.
608 2918 833 2970 Arnold.
881 2918 1208 2970 Lubecensis
1243 2936 1325 2986 ap.
1366 2916 1613 2968 Leibuitz
1645 2909 1712 2961 T.
1747 2904 1797 2958 2.
1818 2926 1874 2976 p.

350 2985 470 3039 931.
517 2986 708 3038 Simon
743 2988 807 3038 de
839 2989 1002 3038 Keza.
1044 3007 1090 3038 c.
1128 2987 1176 3040 4.
1198 2986 1340 3049 Pray
1378 2986 1512 3037 Hist.
1540 2985 1667 3049 fleg.
1690 2981 1872 3046 Hung.

1305 3045 1316 3055 ι

344 3059 403 3113 Ρ.
444 3055 489 3111 1.
525 3057 683 3129 Nagy
720 3058 859 3112 Hist.
893 3057 1162 3129 Pragmat.
1201 3056 1268 3109 Τ.
1308 3055 1349 3110 1,
1389 3075 1443 3128 p.
1476 3054 1594 3108 317.
1623 3067 1732 3122 Seq-
