1940 3672
590 197 1209 272 [Iungaroram.
1574 192 1696 252 585

89 368 223 413 tem
247 395 264 424 ‚
315 363 504 433 atque
535 349 632 410 hic
654 361 842 409 status
876 353 1146 410 Duc-alis
1183 347 1436 409 duravit
1452 369 1644 430 usque
1678 373 1785 408 an-

100 463 250 501 num
304 437 409 498 Ch.
449 442 629 498 1000.
678 439 816 509 Quo
862 460 1026 497 anno
1075 438 1294 520 incipit
1341 437 1652 496 <Periodus
1710 441 1789 504 II,

97 533 340 605 Regum
373 528 901 601 Arpaclianorzcm.
950 528 1108 585 Nam
1150 526 1501 601 Stephanus
1536 525 1787 583 ultimus

103 618 264 688 Dux,
301 627 627 695 postquam
659 612 1022 693 religionem
1050 610 1455 670 Christianam
1476 615 1785 671 assumsis—

105 717 194 762 set
217 747 233 775 ‚
280 722 457 759 more
493 700 755 758 aliorum
790 698 1287 758 Christianorum
1334 702 1692 783 Principum
1729 721 1791 758 se

102 811 227 848 non
266 787 387 870 jam
421 788 692 860 Ducem,
757 785 862 847 sed
915 788 1149 868 Regem
1189 789 1502 846 nominari
1560 787 1790 859 voluit,

98 888 288 959 prout
342 872 469 953 ejus
525 875 774 933 titulum
841 875 1134 955 Regalem
1183 897 1299 955 pro
1360 897 1537 936 more
1598 874 1784 934 seculi

101 966 304 1022 cuncti
325 961 653 1021 Christiani
674 963 984 1045 principes
1014 977 1425 1042 agnoverunt:
1468 977 1528 1022 et
1556 964 1790 1021 Roma—

99 1053 163 1110 ni
206 1048 532 1111 Pontifices
556 1047 1020 1108 confirmarunt.
1076 1050 1208 1107 Hoc
1258 1051 1318 1107 in
1346 1051 1520 1108 Statu
1556 1054 1784 1128 Regali

97 1140 290 1219 Regia
326 1137 588 1218 dignitas
626 1151 757 1196 erat
804 1139 1308 1218 etmansitpenes
1341 1138 1635 1197 familiam
1665 1138 1793 1195 Ar·-

97 1225 417 1307 padianam
460 1228 575 1283 ita:
624 1238 694 1282 ut
745 1248 872 1284 non
928 1224 1143 1283 liceret
1198 1225 1513 1307 Hungaris
1558 1248 1635 1285 θΧ
1669 1225 1788 1282 alia

96 1312 326 1371 familia
360 1312 478 1372 sibi
520 1314 754 1394 Regem
803 1312 1029 1393 eligere
1066 1334 1253 1393 quam
1303 1334 1375 1371 ex
1415 1313 1624 1394 Stirpe
1655 1316 1786 1371 As·-

82 1405 236 1476 pczcl.
291 1400 511 1459 Forma
549 1415 749 1459 tamen
792 1402 1110 1481 regiminis
1149 1414 1282 1459 erat
1324 1403 1782 1460 Haereclc'tario

94 1491 387 1551 Electc'va
422 1509 527 1547 seu
574 1500 859 1569 poterant
896 1488 1176 1568 Hungari
1211 1484 1349 1567 jure
1388 1487 1616 1548 liberae
1658 1489 1781 1548 ele—

99 1577 315 1635 ctionis
348 1597 787 1656 quemcunque
843 1597 919 1633 ex
971 1574 1360 1657 principibus
1412 1576 1783 1659 Arpadianis

96 1661 211 1721 sibi
246 1686 455 1744 regem
498 1663 759 1742 eligere,
808 1684 985 1745 saepe
1026 1664 1369 1744 praeteritis
1427 1666 1667 1746 Regum
1713 1662 1785 1721 fi-

100 1750 216 1822 liis,
240 1753 423 1809 etiam
439 1750 658 1808 fratres
681 1750 920 1831 Regum
942 1774 956 1824 3
983 1773 1201 1810 verum
1232 1748 1639 1812 haeclibertas
1673 1751 1784 1811 eli-

94 1836 314 1919 gendi,
364 1839 643 1896 maximis
691 1837 1192 1897 contentionibus
1244 1851 1303 1896 et
1355 1840 1530 1900 bellis
1575 1840 1778 1899 civili-

96 1926 209 1984 bus
242 1946 485 2007 semper
521 1926 754 1984 occasio
800 1925 932 1982 fuit.
1026 1925 1128 1982 An
1174 1940 1380 1986 autem
1432 1926 1582 1988 haec
1622 1927 1775 1987 hae-

95 2011 385 2074 reditaria
407 2015 702 2072 successio
722 2015 906 2072 etiam
940 2012 1015 2071 ad
1047 2012 1335 2073 faeminas
1372 2028 1617 2075 extensa
1644 2016 1777 2075 fue-

96 2106 212 2173 rit,
245 2121 358 2159 nec
387 2102 508 2159 ne?
553 2100 718 2158 nulla
764 2100 897 2182 lege
942 2112 1244 2160 autconsv
1252 2100 1778 2186 etudinepiobaii

95 2200 316 2273 potest.
408 2191 696 2248 Ceterum
729 2204 1060 2271 postquam
1083 2189 1292 2248 Virilis
1324 2193 1507 2274 stirps
1537 2193 1778 2274 Regum

94 2274 495 2358 Arpadianor
502 2298 603 2334 um
649 2277 711 2333 in
757 2278 1019 2335 *Andrean
1056 2279 1180 2333 III.
1229 2276 1441 2338 fuisset
1475 2282 1777 2338 exstincta

95 2388 147 2423 a.
201 2364 384 2430 1501,
428 2376 577 2422 tunc
617 2364 760 2422 licet
809 2364 884 2423 ad
921 2367 1249 2446 Hungaros
1301 2366 1603 2427 rediverit
1660 2391 1777 2450 po—

96 2465 276 2512 testas
321 2473 530 2534 regem
566 2450 829 2534 eligendi
888 2474 964 2513 ex
1002 2452 1421 2535 qualicunque
1483 2456 1775 2528 Familia,

100 2556 302 2599 tamen
334 2561 576 2620 semper
601 2552 949 2621 respectum
978 2539 1330 2600 habuerunt
1350 2565 1564 2602 eorum
1606 2548 1779 2627 prin-

100 2630 329 2708 cipum,
378 2630 486 2709 qui
533 2630 961 2709 cognationem
997 2627 1348 2689 habuerunt
1393 2652 1535 2689 cum
1584 2635 1777 2715 stirpe

97 2719 331 2790 Arpacl
360 2738 469 2798 per
501 2715 725 2773 lineam
744 2715 1132 2790 Femineam3
1177 2731 1363 2799 atque
1390 2741 1466 2778 ex
1507 2720 1607 2776 tali
1649 2721 1775 2780 Re-

99 2804 376 2862 verentia
423 2803 625 2885 ele⁰e1
631 2817 742 2861 unt
787 2805 905 2863 sibi
955 2809 1358 2864 Veneeslaam
1401 2804 1775 2882 Bohemum,

111 2894 393 2948 Ottonem
450 2850 787 2966 Ba³³2‚vfflum
842 2895 1132 2951 Carolam
1164 2895 1501 2951 Robertcmz
1534 2895 1777 2978 Neapo-

102 2977 356 3039 litanum
373 2999 440 3037 ac
473 2980 640 3056 alios,
678 2992 864 3064 atque
898 2978 1041 3042 hinc
1080 2983 1299 3066 incipit
1331 2981 1628 3043 Periodus
1659 2985 1772 3045 III

1556 3074 1684 3131 Re-
