1940 3672
298 186 375 244 22
786 184 1201 240 Historia

198 385 274 444 ge
334 364 529 422 iniens
569 409 584 436 ,
645 363 975 425 obtentam
1031 365 1144 422 iam
1204 362 1563 444 Hispaniam
1638 363 1900 446 amplius

200 452 511 527 firmavit,
559 464 620 510 et
649 451 829 511 brevi
877 451 1245 512 rebellantes
1307 450 1637 534 Hispaniae
1692 473 1890 533 popu-

206 539 295 597 los
334 537 410 596 ad
450 537 828 598 deditionem
884 539 1201 620 compulit.
1263 539 1409 598 Post
1456 536 1618 596 hunc
1653 541 1893 598 Lenta-

201 631 299 684 las
348 627 709 708 Hispaniam
749 625 1045 699 obtinuit,
1093 649 1141 684 a.
1175 648 1232 685 u,
1264 628 1404 688 559.
1456 641 1591 709 post
1627 640 1750 685 tres
1787 650 1895 684 an-

203 735 314 773 nos
350 711 474 772 duo
528 715 677 771 novi
724 715 1051 790 Praetores,
1090 714 1254 773 missi
1302 717 1365 771 in
1412 716 1782 775 Citeriorem
1832 729 1894 775 et

202 801 568 860 ulteriorem
612 801 1015 883 Hispaniam,
1059 799 1168 857 ubi
1217 823 1410 882 quum
1451 804 1746 862 continuo
1781 803 1897 883 gli-2

206 902 402 947 sceret
464 886 734 961 bellum,
782 890 984 947 varias
1040 890 1326 948 victorias
1382 892 1510 973 ipse
1563 893 1724 948 Caro
1792 913 1892 949 re-

203 976 521 1060 portavit,
590 977 799 1035 XXX.
853 978 1020 1037 enim
1082 990 1144 1035 et
1195 976 1357 1036 ultra
1413 976 1713 1061 triumphi
1764 1001 1891 1037 me·-

196 1077 550 1124 morantur:
612 1063 1001 1148 Stipendium
1080 1077 1279 1124 tamen
1350 1068 1554 1148 primo
1597 1066 1713 1124 sub
1761 1072 1889 1124 Aa—

191 1165 383 1229 gusto
437 1152 678 1212 solvere
709 1165 1066 1235 coeperunt.
1117 1153 1183 1231 a)
1233 1153 1363 1210 Sub
1395 1157 1781 1228 Vespasiano
1829 1168 1890 1213 et

202 1243 573 1299 Domitiano
622 1240 919 1323 Hispania
982 1239 1099 1298 fuit
1147 1240 1343 1300 divisa
1408 1243 1469 1299 in
1540 1243 1891 1314 Baeticam,

198 1329 616 1387 Lusitanicam
656 1342 718 1389 ct
762 1329 1287 1390 Tarraconensem
1331 1331 1704 1411 provincias,
1746 1332 1893 1386 Ha-

199 1421 460 1474 drianus
507 1438 661 1476 vero
702 1419 765 1474 in
813 1417 933 1476 Sex
968 1418 1230 1498 partitus
1277 1431 1399 1489 est,
1465 1420 1571 1499 qui
1635 1419 1886 1476 natione

194 1504 503 1587 Hispanus
551 1519 718 1578 erat,
771 1528 891 1562 una
928 1526 1069 1563 cum
1125 1508 1405 1581 Trojano
1461 1506 1884 1589 Imperatore,

200 1616 233 1650 a
273 1615 399 1675 quo
446 1607 727 1677 tempore
790 1594 1083 1674 Hispania
1136 1617 1250 1676 per
1304 1595 1509 1652 varios
1569 1596 1884 1652 Romano-

195 1702 341 1740 rum
431 1680 691 1763 Legatos
755 1680 1091 1761 regebatur
1120 1727 1135 1755 ,
1176 1703 1373 1763 usque
1434 1680 1509 1739 ad
1568 1684 1886 1739 Theodosii

198 1783 260 1829 et
297 1771 570 1827 Honor-ii
601 1781 892 1842 aetatem,
939 1791 1069 1850 quo
1108 1783 1387 1850 tempore
1413 1765 1699 1844 Vandali,
1733 1770 1887 1827 Sve-

195 1858 278 1929 vi,
325 1871 387 1916 et
425 1857 609 1915 Alani
642 1857 720 1915 ab
765 1859 1054 1914 Stilicone
1095 1858 1159 1913 in
1196 1855 1424 1916 Gallias
1457 1859 1714 1932 evocati,
1740 1878 1886 1915 cum

195 1943 417 2005 Rheno
463 1944 805 2027 adjacentes
866 1945 1215 2025 provincias
1276 1944 1400 2027 jam
1465 1944 1883 2005 barbarorum

196 2035 577 2094 immanitate
610 2033 1050 2107 devastassent,
1098 2031 1177 2090 ab
1214 2030 1434 2093 Gothis
1476 2055 1632 2116 quos
1666 2036 1883 2091 Hono—

194 2124 328 2179 rias
362 2124 613 2182 miserat
674 2122 975 2202 tantisper
1011 2123 1295 2203 repressi,
1335 2123 1679 2202 Pyrenaeos
1710 2136 1882 2179 tran-.-

195 2222 468 2282 seunteS,
536 2211 896 2292 Hispaniam
945 2210 1241 2268 Romanis
1290 2225 1604 2292 ereptam,
1668 2209 1879 2268 multis

197 2300 370 2356 annis
419 2311 766 2359 tenuerunt.
814 2297 996 2355 Nunc
1042 2295 1229 2356 Gothi
1295 2297 1556 2357 Galliam
1606 2296 1881 2356 incolen—

198 2400 321 2458 teS‚
370 2411 403 2444 a
446 2386 697 2446 Francis
745 2384 907 2445 bello
950 2387 1162 2466 petiti,
1212 2387 1274 2444 in
1334 2385 1648 2446 Vandalos
1708 2408 1876 2442 arma

196 2487 557 2550 verterunt,
641 2473 740 2531 Sic
813 2470 1002 2531 Gothi
1073 2496 1106 2533 e
1178 2472 1388 2533 Galliis
1455 2473 1662 2559 ejecti,
1730 2495 1879 2533 mox

194 2562 413 2620 Svevis
485 2561 563 2620 ad
631 2561 1117 2621 internecionem
1185 2564 1376 2622 coesis
1419 2609 1434 2637 ,
1524 2560 1877 2634 VandaIOS,

192 2663 255 2709 et
300 2649 529 2708 Alanos
599 2671 676 2710 ex
733 2648 1046 2730 Hispaniis
1110 2646 1460 2730 ejecerunt3
1529 2652 1641 2734 qui
1705 2649 1876 2708 Van-

194 2737 314 2797 dali
378 2751 544 2797 recte
610 2762 643 2796 a
711 2739 1038 2812 Bonifacio
1111 2739 1174 2795 in
1243 2737 1525 2798 Africam
1607 2739 1881 2812 invitati,

192 2839 378 2885 totam
426 2826 788 2910 Hispaniam
824 2822 1041 2885 Gothis
1103 2825 1537 2910 reliquerunt,
1584 2831 1694 2909 qui
1736 2825 1876 2911 pul-

263 2996 322 3068 a)
401 2992 669 3045 Roderius
688 2992 971 3057 XimeneS,
1002 2993 1301 3045 Roderious
1322 2995 1595 3054 SanctiuS,
1631 3005 1682 3045 et
1712 2996 1875 3046 Joan-

354 3081 446 3118 nes
469 3064 640 3115 Maria
652 3081 716 3113 na
738 3062 1107 3123 Celeberrimi.
1185 3065 1328 3125 Plin,
1348 3065 1405 3117 L.
1434 3064 1482 3118 3.
1502 3065 1717 3121 Strabo.
1735 3065 1793 3117 L.
1829 3063 1879 3121 3.
