1940 3672
216 198 340 258 200
768 205 1209 261 Historia

119 376 285 435 inter
327 395 485 457 quos
521 375 680 434 nulli
723 382 866 436 ‘sunt
904 378 1173 439 Comites
1212 388 1317 435 aut
1356 376 1629 438 Barones
1655 423 1671 452 ‚
1713 377 1818 438 sed

117 466 184 522 in
225 463 595 545 antiquitate
660 460 932 526 familiae
995 479 1238 549 ponunt
1297 463 1599 527 honorem
1632 512 1647 540 ‚
1703 470 1811 549 qui

115 573 327 611 omnes
366 551 685 634 possident
735 574 841 612 sua
879 554 1042 613 bona
1085 575 1227 613 cum
1278 551 1500 635 majori
1554 554 1652 614 vel
1696 557 1816 613 mi-

114 641 258 699 nori
311 637 744 721 jurisdictione
782 685 799 715 ‚
856 640 1124 701 liberam
1199 640 1493 703 habentes
1545 641 1816 703 venandi

112 740 225 786 aut
267 725 616 810 aucupandi
666 740 1036 808 potestatem
1069 731 1133 787 in
1184 732 1308 789 suis
1370 730 1566 790 bonis.
1660 732 1816 790 Om-

108 817 213 874 nia
260 814 422 874 hona
477 814 734 874 mobilia
785 830 893 877 aut
947 816 1292 876 immobilia
1354 841 1390 877 a
1454 818 1816 902 parentibus

113 914 367 985 accepta
416 899 645 963 fratres
683 903 1030 987 aequaliter
1084 902 1416 980 dividunt,
1464 910 1548 965 ita
1608 919 1812 966 tamen

26 1047 33 1050 .
112 1012 191 1051 ex
254 989 391 1072 lege
437 992 734 1050 Svenonis
789 994 1054 1051 Bar-bae
1115 996 1436 1051 Far-eatae
1491 1008 1562 1053 ut
1617 993 1813 1055 frater

112 1076 259 1139 duas
309 1089 547 1161 parteS‚
583 1080 781 1141 Soror
836 1103 1025 1140 unam
1062 1091 1307 1141 tantum
1362 1083 1656 1166 accipiat:
1691 1105 1816 1165 qua

110 1167 353 1227 ratione
403 1165 482 1225 ad
528 1171 1018 1252 primogenitum
1081 1168 1274 1229 multa
1318 1169 1482 1230 bona
1518 1168 1815 1233 devenire

110 1269 474 1337 nequeunt:
528 1273 789 1340 possunt
826 1273 1032 1319 tamen
1079 1257 1275 1340 aliqui
1337 1280 1452 1341 per
1493 1257 1817 1341 splendida

109 1344 510 1403 matrimonia
533 1343 611 1404 ad
635 1347 869 1429 amplas
892 1348 1303 1429 possessiones
1325 1348 1675 1430 pervenire.
1723 1348 1818 1406 Ex

110 1429 229 1492 hoc
262 1430 606 1493 nobilitatis
646 1434 869 1496 ordine
903 1435 1222 1517 eliguntur
1256 1435 1587 1495 Senatores
1630 1438 1810 1516 regni

114 1521 225 1601 qui
281 1522 379 1581 24.
426 1533 586 1581 sunt.
678 1523 1089 1584 Senatoribus
1149 1519 1404 1583 honesta
1448 1523 1813 1583 intertentio

109 1620 202 1667 est
246 1606 450 1669 defixa
492 1633 526 1669 a
564 1611 740 1694 Rege
781 1626 844 1673 et
878 1613 1100 1692 Regno
1127 1655 1143 1684 ,
1186 1607 1420 1671 habent
1471 1613 1639 1671 enim
1679 1615 1815 1670 sin-

110 1693 242 1777 guli
285 1716 455 1757 arces
492 1698 692 1760 donec
724 1698 1116 1762 Senatoriam
1157 1697 1524 1781 dignitatem
1566 1711 1813 1772 tenent,

108 1782 187 1844 de
227 1783 459 1867 quibus
495 1785 653 1846 nihil
694 1791 828 1871 regi
869 1786 1313 1860 contribuunt,
1345 1787 1452 1848 sed
1498 1801 1813 1868 coguntur

110 1871 353 1954 aliquot
400 1878 639 1956 equites
692 1880 859 1960 pacis
899 1889 961 1937 et
1009 1874 1158 1935 belli
1225 1875 1656 1959 temporibuS‚
1716 1877 1818 1933 iri-

107 1974 421 2022 tei-tenere
453 1977 517 2024 et
549 1967 680 2047 regi
731 1978 977 2048 praesto
1016 1985 1178 2037 esse3
1213 1963 1430 2045 Legati
1487 1961 1814 2046 splendide

108 2070 187 2110 ex
232 2048 410 2109 Fisco
451 2053 886 2135 providentur.
982 2053 1123 2114 Rex
1158 2049 1348 2112 habet
1393 2050 1643 2134 praedia
1687 2053 1816 2111 Re·-

111 2134 269 2220 galia
349 2141 772 2220 Verlelzninge
839 2164 918 2203 ex
972 2140 1204 2225 quibus
1269 2140 1429 2201 bene
1490 2139 1566 2199 de
1630 2161 1694 2200 se
1751 2154 1814 2199 et

113 2245 310 2307 regno
345 2231 584 2291 meritis
628 2229 936 2314 providet.
1028 2227 1287 2289 Nobiles
1327 2241 1638 2310 coguntur
1687 2227 1811 2288 ale-

110 2335 179 2374 re
227 2313 472 2398 aliquot
515 2321 789 2402 equiteS‚
829 2331 891 2380 et
930 2340 1007 2379 ex
1056 2318 1181 2376 suis
1211 2315 1392 2377 bonis
1437 2329 1674 2377 certam
1710 2338 1813 2398 pe·

112 2404 334 2464 cuniae
386 2425 691 2468 summam
758 2406 1015 2490 singulis
1088 2407 1265 2465 annis
1331 2403 1482 2464 fisco
1550 2405 1809 2467 solvere.

112 2488 218 2550 Est
249 2493 434 2551 etiam
465 2497 827 2556 constitutio
847 2541 863 2570 ,
899 2516 1024 2578 qua
1054 2494 1191 2553 Rex
1225 2489 1605 2577 prohibetur
1644 2516 1811 2555 eme-

118 2600 186 2638 re
249 2578 409 2640 bona
477 2583 823 2644 immobilia
897 2606 932 2643 a
983 2580 1343 2656 nobilibus;
1394 2581 1540 2642 licet
1603 2596 1811 2642 tamen

113 2666 272 2749 Regi
326 2684 687 2753 permutare
734 2673 900 2733 bona
934 2692 1080 2732 cum
1123 2669 1479 2746 nobilibus3
1515 2692 1549 2731 e
1590 2685 1812 2730 contra

112 2776 266 2814 vero
302 2756 541 2818 nobiles
579 2760 748 2821 nulla
792 2759 956 2821 bona
998 2773 1254 2842 possunt
1289 2780 1496 2819 emere
1536 2781 1571 2817 a
1621 2760 1809 2841 regiis

114 2846 394 2921 rusticis,
465 2869 610 2907 nam
660 2851 878 2910 rustici
932 2851 1120 2910 etiam
1178 2846 1372 2929 aliqui
1424 2843 1658 2908 habent
1703 2869 1812 2906 sua

117 2930 281 2991 bona
341 2932 756 2997 haereditaria
802 2953 866 3000 et
904 2937 1122 2998 libera.
1214 2935 1308 2995 Ex
1342 2932 1452 2995 hac
1483 2934 1810 2996 nobilitate

112 3019 364 3103 eligitur
410 3023 790 3104 PraefectuS,
835 3049 944 3091 seu
991 3027 1312 3105 Magister
1356 3027 1565 3087 Aulae
1610 3025 1810 3083 maxi-

1543 3133 1714 3173 mum
