1940 3672
538 230 1166 303 IIungar-orum.
1513 227 1637 286 405

62 410 387 473 ebritatem
425 408 714 478 obtinuit,
763 418 830 466 ut
865 427 1080 489 pacem
1115 427 1233 490 pro
1271 403 1534 464 arbitrio
1572 426 1723 464 con-

34 499 278 572 ficeret,
338 497 531 555 vicini
575 495 890 575 Principes
922 493 1052 577 ejus
1093 495 1426 553 amicitiam
1470 507 1725 575 expete-

37 600 217 655 rent,
264 584 622 644 remotiores
670 580 919 640 firmum
973 581 1346 663 praesidium
1401 582 1464 637 in
1513 602 1587 639 eo
1625 582 1721 637 in-

35 675 358 744 venirent,
406 669 568 750 leges
611 672 682 727 iis
722 683 783 728 et
816 669 1060 750 populis
1106 669 1370 728 dictaret
1395 713 1410 741 ‚
1459 668 1722 748 Hunga-

31 763 188 821 riam
238 779 389 818 vero
427 756 538 839 {tot
587 757 1051 839 provinciarum
1102 758 1439 816 accessione
1495 754 1724 815 nobili-

36 860 222 920 taret,
268 860 338 903 ut
380 867 538 903 unus
566 845 663 904 ille
701 858 794 903 tot
816 845 1157 925 provinciis
1194 857 1518 926 praeesset,
1557 856 1716 925 quot

38 955 248 996 omnes
266 934 548 1014 Europae
567 933 879 1012 Principes
894 930 1075 989 simul
1097 930 1723 1014 possiderentrquum

41 1025 208 1083 enim
248 1034 309 1080 et
365 1019 685 1079 Poloniam
734 1018 1132 1094 obtinuisset3
1196 1033 1344 1079 tunc
1416 1017 1728 1102 quidquid

41 1111 205 1170 Mari
239 1104 536 1180 Balthico,
582 1105 903 1165 Adriatico
936 1120 998 1165 et
1017 1108 1217 1166 Ponto
1259 1107 1503 1166 Euxino
1561 1110 1727 1166 inter

39 1211 208 1271 erat,
262 1197 645 1253 Luclovicam
683 1194 1021 1253 Dominum
1083 1194 1485 1275 agnoscebat:
1554 1193 1725 1256 unde

44 1285 367 1364 Hungaria
403 1284 610 1341 Archi
646 1285 930 1360 Regnum
954 1281 1291 1343 dicebatur.
1337 1280 1524 1365 Cujus
1543 1303 1722 1362 prae-

41 1384 138 1433 ter
177 1369 458 1430 bellicam
516 1369 775 1450 gloriam
811 1369 1084 1451 tripplici
1118 1368 1280 1429 bello
1321 1369 1729 1452 Neapolitano

38 1481 210 1520 csusa
247 1457 447 1517 caedis
487 1457 696 1516 fratris
729 1458 1024 1514 Andreae
1071 1472 1332 1540 partam,
1357 1456 1550 1517 multa
1584 1471 1730 1517 sunt

39 1548 260 1607 merita
290 1547 476 1606 etiam
508 1567 636 1627 quo
666 1544 743 1602 ad
788 1557 1011 1603 statum
1041 1544 1380 1625 Religionis
1403 1591 1420 1620 ,
1464 1543 1734 1627 justitiae

38 1633 654 1706 administrationem,
678 1644 737 1692 et
774 1634 1357 1714 LiteraS‚imprimis
1399 1654 1552 1692 vero
1601 1655 1731 1715 quo

42 1721 117 1782 ad
160 1723 359 1803 legem
393 1723 911 1780 Anca-tisatz'onis
952 1743 1068 1802 pro
1109 1720 1392 1781 Ecclesiis
1429 1732 1490 1780 et
1511 1720 1730 1782 Sacer-

44 1810 296 1870 dotibus
330 1809 551 1868 latam:
602 1811 749 1869 item
794 1822 857 1868 et
907 1808 1171 1869 Colonos
1221 1831 1378 1890 quos
1422 1832 1457 1866 a
1499 1810 1731 1869 manci-

43 1912 194 1981 patu
248 1895 478 1957 liberos
504 1918 630 1957 esse
653 1895 872 1957 voluit.
898 1896 1136 1967 Quibus
1174 1898 1337 1958 curis
1370 1911 1728 1958 consumtus

42 2010 136 2044 an.
185 1986 500 2065 regiminis
548 1985 646 2043 40.
696 1985 909 2044 aetatis
949 1985 1048 2046 56.
1090 1984 1345 2047 decessit
1404 1986 1591 2046 1582.
1639 1987 1728 2066 a)

41 2074 331 2134 'successit
378 2074 434 2129 ei
475 2072 634 2132 filia:

202 2163 426 2219 Μανία
462 2159 600 2244 jure
623 2159 856 2221 liberae
886 2158 1202 2221 electionis
1225 2163 1290 2220 in
1328 2163 1565 2244 Regem
1604 2159 1733 2221 ele-=

45 2263 143 2309 cta
174 2295 189 2322 ,
237 2247 417 2309 brevi
471 2263 676 2308 tamen
741 2245 1028 2309 seditiosa
1080 2252 1419 2310 Procerum
1480 2248 1736 2309 consilia

47 2339 286 2398 evitare
321 2359 446 2395 non
494 2336 739 2412 valenS‚
789 2336 983 2397 electo
1031 2360 1148 2419 per
1196 2338 1515 2399 seditiosos
1572 2338 1735 2419 Regi

61 2429 284 2484 Carolo
340 2428 551 2483 Parvo
621 2447 886 2507 regnum
932 2428 1248 2509 resignare
1301 2425 1556 2500 debuit3
1603 2447 1734 2507 quo

49 2513 230 2573 brevi
261 2512 536 2587 sublato,
575 2512 793 2574 denuo
853 2515 1077 2573 Maria
1113 2514 1408 2575 thronum
1443 2535 1741 2573 conscen-

53 2601 237 2675 dens,
289 2603 588 2660 maritum
632 2623 814 2660 suum
868 2603 1332 2681 Sigismundum
1391 2625 1507 2686 per
1551 2624 1741 2684 quem

53 2712 88 2751 e
125 2689 476 2750 carceribus
521 2688 781 2751 liberata
818 2688 973 2764 fuit,
1020 2694 1085 2751 in
1129 2696 1399 2777 aequam
1421 2691 1741 2774 regiminis

847 2799 930 2835 cc
978 2782 1014 2838 2
1516 2799 1658 2862 pos-

125 2948 199 3023 a)
237 2950 320 2999 De
349 2946 540 2999 eodem
576 2957 630 2999 et
666 2944 1117 3001 Praecedentibus
1146 2947 1365 3016 regibus
1398 2948 1522 3000 vide
1553 2947 1747 2999 Bonfi-

221 3018 336 3070 nim
373 3019 499 3069 Dec.
529 3015 575 3067 2.
607 3018 671 3071 L.
713 3015 794 3068 10.
827 3015 1100 3069 Thurocz.
1146 3019 1292 3071 Part.
1331 3017 1380 3069 3.
1419 3038 1464 3070 c.
1494 3017 1580 3070 39.
1619 3019 1744 3070 Ka-

218 3099 368 3143 tona.
405 3087 543 3138 Hist.
575 3087 714 3140 Crit.
747 3086 813 3137 T.
850 3084 899 3138 9.
920 3087 1071 3142 et10.
1103 3091 1269 3157 Pray,
1287 3087 1468 3140 Palma
1504 3091 1752 3159 etNagy‚

222 3159 281 3213 in
318 3159 463 3214 Hist.
498 3155 826 3225 Hungariac.
883 3166 984 3212 otc.
