1940 3672
259 170 381 231 568
868 172 1308 235 Historia

170 362 290 422 gna
331 336 502 398 clade
534 335 890 420 profligatus
912 385 927 413 ,
965 362 1163 421 quum
1194 339 1576 401 observasset
1609 340 1861 400 calami-

168 443 371 488 tosum
404 428 649 510 imperii
681 433 903 484 statum
929 449 1006 487 ex
1033 430 1219 488 nimia
1251 432 1724 488 Jcmitsaromm
1746 453 1862 512 po-

169 519 363 578 tentia
400 516 761 598 provenire,
796 527 1200 598 acceptasque
1221 516 1491 577 infelices
1525 515 1726 578 clades
1757 540 1863 578 eo-

171 629 315 666 rum
349 602 756 664 seditionibus
791 603 1117 687 imputari,
1153 601 1230 664 de
1256 608 1326 665 iis
1363 605 1858 681 exauctorandiS,

166 695 501 773 sedemque
537 691 797 774 Imperii
832 694 892 750 in
919 693 1130 751 Asiam
1148 689 1502 766 transferre,
1538 693 1864 776 coepitde-

167 783 478 853 liberare,
527 779 628 838 sed
661 781 947 839 Janitsari
1001 803 1069 841 re
1110 795 1349 842 mature
1407 784 1686 865 cognita,
1750 786 1863 841 Os-

166 892 460 928 mannum
494 868 877 928 suffocarunt
900 914 914 943 ‚
963 882 1023 929 et
1061 871 1478 945 Mastaplmm
1520 893 1552 929 e
1596 873 1864 929 carceri-

166 960 285 1018 bus
305 967 639 1016 retractum
671 961 894 1016 iterum
917 958 1366 1040 Imperatorem
1401 961 1855 1019 renunciarunt

172 1050 355 1110 1622.
392 1047 459 1126 a)
505 1043 612 1105 sed
658 1045 878 1106 debilis
924 1047 1221 1127 Princeps
1261 1049 1513 1107 turbato
1548 1049 1612 1103 in
1662 1049 1862 1128 impe-

164 1138 265 1196 rio
312 1158 506 1217 quum
551 1134 938 1194 nullomodo
983 1134 1346 1216 dignitatem
1367 1138 1528 1197 tueri
1563 1137 1855 1209 novisset,

166 1227 397 1286 iterum
445 1225 508 1281 in
547 1244 825 1283 carceres
869 1222 1153 1283 detrusus
1188 1238 1293 1283 est.

324 1315 644 1371 Amaratlz
683 1313 790 1372 IV.
837 1314 1225 1387 Mzcstaplzae
1278 1312 1640 1373 substitutus
1695 1325 1864 1372 tanta

167 1405 499 1463 severitate
542 1403 852 1483 imperare
879 1403 1118 1483 coepit3
1155 1415 1226 1459 ut
1257 1401 1480 1484 siquid
1515 1424 1548 1461 e
1577 1402 1862 1461 manibus

166 1489 295 1572 ejus
333 1488 692 1562 cecidisset,
739 1491 1125 1572 apparitores
1172 1512 1285 1572 per
1326 1492 1622 1550 fenestras
1665 1490 1861 1549 exsal-

162 1581 470 1653 taverint,
514 1601 592 1637 ne
637 1578 938 1637 tarditatis
981 1580 1072 1634 rei
1099 1624 1114 1652 ,
1153 1578 1235 1636 ob
1287 1581 1575 1660 exiguam
1617 1601 1859 1638 moram

157 1670 560 1752 Imperatoris
580 1665 1066 1749 indignationem
1085 1666 1659 1748 experirentuinHic
1679 1668 1867 1726 etiam

161 1779 472 1818 summum
521 1756 903 1816 sacerdotem
967 1755 1317 1812 Turcarum
1377 1756 1582 1828 Musti
1630 1753 1858 1836 laqueo

164 1844 453 1929 suspendi
488 1842 702 1924 jussit,
765 1840 937 1925 quod
992 1864 1314 1924 nunquam
1362 1840 1495 1902 aliis
1551 1856 1857 1903 evenerat.

165 1937 316 1993 Cum
347 1935 548 1993 Persis
583 1930 978 1992 formidabile
997 1929 1228 1990 bellum
1250 1953 1467 2013 gerens
1488 1977 1503 2006 ‚
1551 1931 1637 1990 eis
1653 1929 1861 2012 Baby-

164 2023 390 2083 loniam
437 2023 706 2103 eripuit3
754 2023 884 2103 ipse
930 2041 1093 2078 vero
1127 2019 1285 2079 obiit
1331 2020 1511 2081 1640.
1561 2019 1626 2099 b)

319 2112 603 2168 Ibralzz'm
642 2111 919 2169 omnium
971 2108 1280 2167 vitiorum
1314 2111 1573 2182 sentina,
1622 2107 1857 2167 obvio-

162 2201 348 2259 latam
393 2196 709 2259 pontificis
746 2220 852 2272 seu
896 2198 1102 2273 Jlffzfftc‘
1160 2195 1388 2272 filiam,
1449 2221 1484 2254 a
1536 2197 1861 2258 Janitsaris

164 2287 525 2350 interfectus
567 2300 673 2346 est.
717 2287 902 2348 1648.

325 2378 696 2436 Maleonzeth
745 2376 833 2435 IV
841 2422 852 2433 .
900 2376 1010 2456 qui
1069 2375 1524 2433 Janitsarorum
1575 2373 1864 2455 gravissi-

161 2489 326 2526 mam
363 2464 726 2526 seditionem
765 2462 1028 2524 feliciter
1070 2464 1328 2524 consilio
1384 2465 1674 2539 Coproglc‘
1728 2484 1858 2521 ma-
1939 2529 1940 2540 γ

163 2558 267 2639 gni
305 2554 536 2615 Vesirii
577 2574 987 2635 componenS,
1055 2575 1249 2635 quum
1292 2551 1674 2611 observasset
1716 2572 1857 2610 ma-
1938 2541 1940 2577 ³

165 2646 346 2705 :timis
399 2642 851 2702 calamitatibus
899 2643 1236 2700 Janitsaros
1277 2643 1662 2699 occasionem
1695 2659 1852 2697 con-

162 2736 335 2794 tinuo
372 2730 609 2793 dedisse
635 2778 652 2803 ,
704 2730 840 2791 ideo
866 2752 998 2789 eam
1045 2730 1326 2790 militiam
1352 2730 1600 2811 penitus
1635 2727 1855 2787 suffer-

1693 2837 1763 2875 re

235 2993 309 3067 α)
349 2992 634 3046 Piasccius.
671 3013 724 3063 p.
766 2990 885 3044 355.
920 3011 1031 3063 scq.
1071 2990 1189 3043 355.
1226 3009 1336 3062 scq.
1382 2988 1643 3043 Verdier.
1695 2985 1762 3038 Τ.
1801 2985 1850 3039 3.

305 3066 518 3119 Ricaut.
553 3064 621 3115 Τ.
672 3065 716 3118 1.
755 3082 807 3131 p.
847 3064 897 3120 5.
931 3082 1046 3135 seq.
1088 3061 1137 3128 b)
1163 3062 1305 3116 iden)
1342 3060 1409 3112 T.
1453 3059 1572 3131 1.p.
1604 3056 1848 3111 8-160

295 3136 579 3192 Piasecius.
614 3154 664 3206 p.
700 3135 820 3192 491.
859 3154 973 3206 seq.
