1940 3672
404 219 860 279 Britannorum
892 221 950 270 ec
1001 215 1371 292 Atzglorwm
1539 211 1654 271 157

77 397 319 456 tanniae
361 394 465 456 sed
506 394 778 470 Angliae
828 393 963 448 Rex
1017 387 1132 446 fuit
1176 397 1446 445 vocatus.
1539 383 1752 466 Atque

78 483 211 542 talis
250 496 381 544 erat
417 482 491 540 II.
541 480 742 537 Status
803 476 1160 535 Britanniae
1205 474 1319 532 sub
1368 473 1751 544 SaxonibuS,

76 570 225 629 dum
265 572 442 629 Dani
503 569 775 647 primum
831 563 1120 646 Angliam
1183 565 1349 621 circa
1408 562 1591 621 1000.
1641 583 1749 617 an-

74 680 226 716 num
281 656 394 715 sub
444 657 713 712 Svenone
755 654 1013 710 Barbae
1067 654 1404 723 Farcatae,
1443 647 1587 707 dein
1637 648 1752 705 sub

86 748 323 803 Canuto
358 743 437 801 Μ.
473 744 863 814 invaserunt,
909 754 972 800 et
1001 752 1192 798 totam
1221 738 1602 796 Britanniam
1635 737 1752 791 im-

76 834 252 915 perio
283 831 601 888 Danorum
633 827 1065 910 subjecerunt3
1097 826 1346 886 ultimus
1377 844 1595 906 regum
1632 824 1754 880 Da-

71 922 249 991 niae,
296 919 524 999 quibus
564 916 744 1000 Angli
814 929 1156 999 paruerunt
1196 911 1316 973 fuit
1352 916 1580 970 Harae
1635 913 1757 967 Ca-

72 1018 300 1076 nata35
347 1017 487 1088 post
539 1003 710 1087 cujus
751 1005 993 1065 obitum
1041 1004 1381 1059 Eduardas
1428 998 1752 1058 Confessor

76 1113 154 1152 ex
183 1094 438 1174 antiqua
485 1092 934 1153 Saxonicorum
971 1112 1190 1172 regum
1207 1089 1398 1168 stirpe
1424 1100 1596 1145 ortus
1620 1086 1755 1143 An-

72 1180 259 1261 gliam
294 1180 599 1253 obtinuit,
645 1201 1053 1240 successorem
1105 1177 1458 1257 relinquens
1499 1177 1752 1231 Haral-

73 1272 252 1342 clam,
299 1269 408 1350 qui
448 1291 614 1329 nono
639 1270 815 1351 regni
846 1288 1101 1327 mensea
1131 1266 1463 1322 Wllzelmo
1490 1264 1754 1337 Conque-

72 1367 238 1413 πονε
271 1357 690 1418 Normanniae
731 1355 886 1416 duce
912 1376 1120 1438 pugna
1164 1353 1361 1410 victus
1427 1348 1752 1408 occideba-

73 1455 217 1515 tur,
268 1445 329 1502 in
362 1465 488 1526 quo
521 1448 790 1505 extincta
836 1445 1028 1525 stirpe
1080 1440 1417 1510 Saxonica,
1463 1436 1750 1517 Regnum

69 1531 335 1612 Angliae
367 1530 443 1590 ad
502 1536 992 1592 Normatmicam
1038 1531 1371 1589 Familiam
1433 1526 1753 1583 transivit:

73 1642 108 1676 a
158 1641 284 1701 quo
322 1631 604 1704 tempore
647 1624 865 1705 incipit
926 1619 1034 1679 III.
1106 1621 1326 1675 Status
1371 1614 1755 1671 Britanniae

75 1709 185 1764 sab
240 1711 652 1783 Normamzis,
698 1706 1010 1793 Epocham
1069 1704 1389 1765 constituit
1449 1722 1756 1760 annorum

81 1796 225 1854 557.
274 1793 417 1856 inde
469 1819 503 1854 a
554 1800 874 1856 Willzelmi
922 1795 1355 1872 Conquestoris
1400 1791 1623 1861 initiis,
1659 1811 1754 1845 an.

86 1883 268 1944 1066.
337 1905 535 1966 usque
580 1883 656 1944 ad
713 1885 956 1944 obitum
1014 1884 1288 1963 Reginae
1358 1879 1761 1935 Elisabetlme

89 1973 271 2032 1605.
320 1994 446 2053 quo
494 1975 786 2056 temporis
831 1973 1029 2055 spatio
1074 1971 1271 2051 Reges
1320 1967 1758 2039 Normannici,

78 2061 143 2118 in
174 2061 457 2141 quinque
503 2061 754 2132 classes,
803 2074 992 2144 prout
1030 2081 1108 2119 ex
1154 2055 1410 2117 totidem
1459 2054 1762 2113 Domihus

82 2147 500 2229 eligebantur,
565 2152 799 2232 optime
850 2147 1353 2230 distingvuntur3
1399 2165 1669 2225 quarum
1714 2145 1758 2200 l.

79 2237 277 2318 Reges
322 2239 633 2295 Familiae
664 2240 1139 2295 Normamzicae.
1174 2234 1251 2292 ΙΙ.
1288 2234 1485 2314 Reges
1518 2235 1760 2289 ⁴Domus

78 2326 566 2401 AndegavensiS,
613 2327 737 2383 III.
758 2326 958 2407 Reges
989 2328 1231 2383 Domus
1263 2322 1762 2380 Lancanstrietz-

81 2416 185 2471 sia.
236 2414 355 2470 IV.
401 2413 600 2494 Reges
645 2416 888 2472 Domus
941 2413 1362 2470 Eboracensts.
1428 2412 1501 2467 V.
1561 2409 1760 2489 Reges

81 2504 324 2560 Domus
350 2503 719 2560 Tadorensis
734 2501 1180 2585 complectitur.
1227 2500 1320 2558 Ex
1341 2497 1566 2581 quibus
1591 2496 1761 2577 quod

81 2587 159 2647 ad
214 2586 482 2647 formam
544 2589 886 2671 Regiminis
939 2592 1183 2647 attinet:
1246 2589 1434 2670 primi
1497 2584 1692 2666 Reges
1729 2604 1762 2641 e

86 2690 269 2759 gente
324 2676 834 2738 Normannorum
889 2680 1030 2737 satis
1091 2675 1371 2735 absoluta
1422 2683 1763 2755 regnarunt

88 2776 430 2845 potestate,
477 2764 581 2826 sed
645 2765 1020 2849 procedente
1067 2778 1347 2844 tempore
1393 2759 1544 2820 adeo
1597 2757 1764 2816 labe-

86 2851 304 2910 factata
347 2864 437 2912 est
489 2855 764 2936 potentia
797 2855 991 2935 Regia
1017 2897 1032 2925 ,
1080 2866 1149 2910 ut
1193 2865 1471 2932 tempore
1503 2847 1762 2904 Joarmis

88 2940 251 3025 regis
270 2936 493 3021 Anglia
533 2943 596 3000 in
618 2964 801 3002 manu
839 2941 1103 3000 Romani
1142 2936 1451 2998 Pontificis
1474 2947 1627 2995 esset
1661 2932 1762 2990 Fi-

71 3025 360 3108 'duciaria
390 3026 686 3092 clientela.
777 3029 913 3089 Hoc
955 3029 1020 3088 in
1040 3028 1227 3089 tertio
1263 3038 1424 3086 statu
1456 3023 1761 3103 originem

1509 3131 1675 3171 sum-
