1940 3672
303 209 380 264 20
810 207 1235 263 Historia
1294 237 1297 240 >

203 385 539 462 stituendi3
585 386 750 446 unde
787 408 928 445 cum
970 386 1233 447 familiae
1279 387 1665 451 Borbonicae
1709 394 1890 451 amici

205 473 428 534 solium
484 474 819 557 Hispaniae
856 496 1140 535 eversum
1182 497 1307 535 esse
1349 495 1680 538 cernerent
1705 524 1720 551 ‚
1768 480 1897 539 for-

205 563 354 622 titer
396 564 744 623 resistentes
770 609 785 636 ,
833 585 1002 621 arma
1051 567 1423 638 Nccpoleom‘s
1470 587 1544 624 ex
1581 566 1777 625 Gallia
1825 570 1892 627 in

205 650 570 733 Hispaniam
636 652 1040 723 exciverunt,
1097 653 1207 731 qui
1255 656 1435 711 etiam
1477 675 1617 713 cum
1662 654 1891 713 formi-

204 738 393 797 dabili
449 739 726 796 exercitu
784 739 967 796 1808.
1016 740 1366 797 fflccdritam
1418 746 1706 816 veniens,
1769 743 1895 802 fra-

204 842 369 886 trem
404 827 468 884 in
526 825 680 883 solio
716 825 1050 898 stabilivit,
1108 827 1415 886 Tribunal
1480 832 1889 912 InquisioniS,

205 912 472 986 sustulit,
519 912 814 972 ordinum
837 911 1270 995 religiosorum
1304 916 1679 976 Monasteria
1719 941 1888 977 com⁵¹

201 1002 426 1086 plura,
489 1001 581 1060 uti
621 1015 682 1061 et
710 1002 1010 1062 nobilium
1065 1001 1392 1084 privilegia
1433 1003 1716 1065 abolevit.
1765 1009 1888 1066 Cu—

199 1090 299 1175 jus
332 1087 583 1149 fortuna
627 1090 736 1149 ubi
761 1104 992 1148 mutata
1012 1088 1241 1164 fuisset,
1272 1094 1700 1152 Fer-dinanclas
1730 1097 1792 1152 V
1792 1097 1883 1152 IL

204 1175 465 1239 Throno
506 1179 862 1252 restitutus,
930 1181 1224 1259 quoniam
1271 1178 1542 1239 diversas
1600 1181 1893 1241 factiones

204 1268 281 1329 de
315 1265 516 1326 forma
557 1268 873 1348 regiminis
921 1268 1084 1325 inter
1139 1289 1201 1326 se
1240 1266 1596 1327 dimicantes
1652 1271 1893 1329 inveni-

197 1371 332 1429 ret,
401 1357 750 1437 propositas
814 1354 932 1414 sibi
1000 1355 1077 1413 ab
1135 1354 1479 1416 Ordinibus
1554 1357 1887 1440 Hispaniae

198 1441 591 1506 conditiones
663 1458 821 1503 ratas
878 1439 1127 1503 habuit:
1190 1458 1315 1504 tres
1373 1447 1539 1505 enim
1594 1447 1890 1529 vigebant

196 1533 278 1594 de
323 1530 530 1592 forma
581 1533 898 1614 regiminis
950 1532 1259 1592 factioneS.
1321 1534 1367 1591 Ι.
1428 1534 1664 1616 Regem
1707 1535 1889 1618 plena

197 1632 500 1706 potestate
531 1621 882 1705 praeditum
908 1623 999 1678 uti
1026 1632 1201 1681 antea
1239 1634 1390 1697 erat,
1430 1617 1657 1683 habere
1676 1625 1913 1683 voluit.-

197 1714 270 1771 II.
316 1712 552 1792 Regem
618 1708 1180 1769 Constitutionibus
1231 1712 1768 1793 circumscriptum
1793 1733 1884 1770 es-

192 1823 257 1860 se
304 1798 570 1860 volebat.
664 1800 766 1857 ΙΙΙ.
821 1797 1293 1879 Rempublicam
1340 1797 1634 1858 inducere
1683 1803 1885 1858 inten-

193 1887 380 1950 debat
438 1887 551 1946 sub
596 1885 940 1946 directione
992 1888 1220 1944 Corte&
1269 1899 1331 1944 et
1377 1883 1438 1941 hi
1477 1883 1601 1944 duo
1639 1901 1880 1969 postre—

197 1981 283 2036 mi
331 1977 686 2050 Liberales',
735 1975 924 2058 primi
987 1995 1139 2033 vero
1186 1976 1514 2032 Roalistcte
1560 1989 1880 2034 vocantur.

192 2066 348 2126 Tota
396 2079 598 2124 tamen
629 2061 775 2123 haec
810 2062 994 2121 factio
1030 2062 1364 2143 Hispanica
1407 2083 1731 2145 suppressa
1767 2086 1887 2146 po-

193 2157 335 2227 tius,
377 2171 564 2235 quam
610 2154 882 2212 extincta
914 2163 1002 2210 est
1042 2149 1284 2208 viribus
1330 2149 1683 2226 Gallorum,
1731 2155 1887 2208 Fer-

192 2247 499 2302 (limandus
549 2242 717 2300 enim
739 2240 880 2300 VII.
928 2252 1069 2321 post
1090 2238 1312 2298 multas
1349 2239 1534 2297 etiam
1579 2240 1884 2299 vicissitu-

194 2332 368 2392 dines
427 2328 757 2390 foederatis
817 2327 1213 2409 Principibus
1262 2326 1416 2387 solio
1469 2340 1728 2411 paterno
1794 2350 1885 2387 re-

187 2422 434 2480 stitutus
474 2432 583 2494 est,

345 2602 393 2681 §.
445 2602 498 2659 4.
598 2601 823 2658 Status
882 2599 1052 2658 Belli
1110 2606 1172 2654 et
1241 2597 1553 2653 Memoria
1627 2597 1882 2655 Ρηήοιίὑ

170 2712 334 2771 pum
380 2692 687 2747 Virorum
746 2691 811 2745 itz
855 2687 1194 2764 Ilispanla.
1289 2683 1722 2766 Antiquissimi
1769 2686 1885 2744 Hi-

181 2779 358 2862 spani
402 2776 640 2837 bellum
680 2798 868 2859 quam
907 2778 1106 2836 otium
1138 2771 1425 2832 amabant
1460 2771 1612 2832 adeo
1639 2819 1653 2847 ,
1706 2787 1776 2831 ut
1833 2775 1885 2834 si

173 2882 507 2928 extraneus
566 2863 840 2939 deesset,
899 2863 1068 2924 domi
1126 2859 1369 2921 hostem
1419 2862 1886 2943 quaesiverint3

176 2957 438 3019 feminae
484 2957 650 3015 enim
699 2975 797 3015 res
843 2949 1209 3014 domesticas
1273 2947 1694 3032 agrorumque
1752 2950 1884 3008 cul-

180 3060 350 3108 turas
402 3041 957 3120 administrabant,
1005 3043 1119 3128 ipsi
1161 3041 1347 3100 armis
1384 3053 1445 3099 et
1487 3041 1721 3121 rapinis
1756 3060 1884 3098 ser-

1562 3139 1795 3186 vientes
