1940 3672
205 174 284 234 28
737 174 1152 230 IIistoria

106 353 189 405 lae
244 371 406 423 regna
457 354 671 425 primus
721 349 993 422 possedit,
1047 348 1302 401 Saraceni
1366 363 1499 399 vero
1551 345 1789 400 dissidiis

106 423 479 490 agitabantur,
523 423 722 494 quihus
753 439 1005 489 magnam
1052 418 1410 488 Portugalliae
1443 426 1656 487 partem
1674 417 1795 468 adi-

107 511 297 549 mcns,
338 492 686 562 Imperatoris
741 508 940 544 nomen
980 507 1244 560 usurpare
1303 492 1512 556 coepit,
1552 487 1795 538 monitus

113 571 299 613 tamen
345 582 374 614 a
410 562 638 615 Pontifie
682 560 816 612 illud
854 559 1122 628 deposuit.
1200 561 1323 609 Post
1359 556 1796 610 [ferdinandum

113 631 268 684 1065.
324 632 470 685 filius
529 632 790 682 Sanctius
842 628 1045 679 Fortis
1127 628 1420 687 Castellae,
1480 627 1797 697 Alplzonszcs

109 701 392 769 LegioniS‚
465 700 706 750 δανείζω
755 696 1050 749 Gallaeciae
1090 697 1208 748 Rex
1258 698 1465 754 factus.
1520 698 1630 748 imo
1674 705 1798 765 post

110 781 347 821 mortem
390 768 708 822 Banemirz'
745 767 908 816 etiam
962 767 1257 834 Arragonia
1319 769 1474 818 cessit
1531 767 1794 825 Sanctae,

109 842 203 910 qui
262 841 344 891 his
393 857 504 889 non
556 846 875 896 contentus,
917 835 1146 891 devictis
1191 835 1454 888 fratribus
1500 837 1646 899 suis,
1699 853 1790 886 eo-

108 926 237 961 rum
294 925 509 979 quoque
563 924 728 976 regna
795 908 1081 976 occupavit
1114 945 1127 961 ,
1182 906 1406 976 insuper
1445 907 1794 976 Alpltonsum

106 980 405 1042 coenobio,
442 987 495 1028 et
546 978 825 1028 Gar-siam
870 978 1070 1027 carceri
1126 976 1372 1036 inclusit:‚
1413 993 1644 1046 cumque
1705 994 1796 1026 so-

107 1048 325 1100 roribus
374 1049 538 1101 etiam
574 1056 754 1117 partes
785 1048 1029 1116 ipsarum
1071 1047 1285 1116 eripere
1314 1046 1689 1100 meditaretur,
1727 1063 1796 1097 ex

105 1118 319 1170 insidiis
368 1116 688 1172 interfectus
726 1126 805 1168 est
845 1116 998 1169 1072.
1073 1117 1192 1182 Qua
1236 1118 1513 1167 occasione
1542 1116 1796 1184 Alphen-

105 1207 201 1240 sus
235 1205 466 1257 regnum
503 1187 802 1258 recipienS‚
864 1205 995 1238 mox
1052 1186 1313 1238 Toletum
1358 1185 1636 1236 Saracenis
1684 1185 1795 1235 eri-

107 1259 266 1329 puit,
317 1268 370 1309 et
414 1257 596 1310 sedem
630 1275 783 1308 suam
835 1275 898 1308 eo
954 1256 1253 1308 transtulit.
1327 1256 1616 1325 Alplzonso
1683 1254 1794 1307 VI.

106 1337 359 1391 monac,
392 1327 503 1381 filia
543 1327 656 1396 ejus
718 1326 949 1378 [st-raca
981 1328 1185 1396 ‘nupsit
1223 1326 1505 1396 Alplzonso
1557 1327 1793 1392 Arrago-

108 1398 236 1458 nio,
283 1398 379 1472 qui
414 1397 666 1467 Legionis
719 1406 774 1447 et
827 1398 1134 1448 Vasconum
1179 1413 1410 1464 regnum
1464 1395 1792 1464 conjunxit,

109 1467 478 1539 ultimumque
537 1468 738 1536 Regem
793 1468 1108 1518 Maurorum
1158 1466 1376 1517 occidit.
1449 1466 1595 1518 Inter
1661 1482 1797 1533 quae

108 1537 366 1589 Henrz'co
411 1538 607 1599 comite
647 1537 1007 1605 Portugalliae
1056 1535 1355 1599 defunct0‚
1418 1553 1606 1587 omnes
1657 1537 1796 1586 Por-

107 1607 304 1675 tugalli
350 1607 525 1659 filium
567 1606 679 1676 ejus
722 1607 1072 1676 Alplzonsum
1116 1608 1173 1658 in
1222 1623 1408 1674 regem
1463 1613 1796 1657 coronarunt

110 1677 262 1729 1139.
314 1686 474 1747 atque
519 1677 610 1730 hic
646 1677 963 1747 Alphonsus
1000 1686 1081 1727 est
1110 1677 1322 1747 primus
1356 1675 1665 1727 Lusitaniae
1699 1692 1793 1726 seu

106 1747 470 1813 Portugalliae
507 1765 605 1797 rex
642 1746 708 1796 ab
748 1747 994 1797 exercitu
1025 1746 1187 1798 etiam
1217 1756 1463 1806 creatus.
1503 1745 1653 1815 cujus
1688 1745 1795 1794 ele-

105 1819 216 1868 ctio
254 1820 320 1868 ab
362 1815 697 1869 Alexandro
733 1816 856 1867 III.
897 1833 1112 1886 quoque
1155 1815 1417 1867 Pontifice
1472 1813 1603 1866 1172
1661 1832 1798 1864 con-

104 1887 457 1938 firmabatur:
509 1905 568 1941 ac
612 1886 774 1955 proin
810 1886 867 1936 in
903 1903 965 1936 eo
994 1885 1200 1936 factum
1239 1896 1321 1937 est
1366 1885 1588 1936 initium
1619 1884 1796 1952 Regni

105 1957 498 2025 Portugalliae:
550 1957 644 2027 qui
678 1973 865 2007 revera
911 1973 1137 2024 magnus
1184 1965 1490 2025 pugnator.
1545 1956 1792 2024 trigesies

106 2047 233 2079 cum
291 2028 494 2078 Mauris
542 2044 807 2096 pugnasse
843 2026 1136 2082 scribitur,
1176 2037 1228 2076 et
1279 2027 1520 2095 quinque
1571 2025 1794 2094 regulo-

105 2116 233 2149 rum
276 2098 442 2166 signis
491 2097 729 2167 potitus,
783 2095 910 2147 inde
970 2097 1136 2147 etiam
1195 2097 1257 2146 ia
1302 2093 1623 2163 insignibus
1677 2094 1794 2159 ejus

104 2169 311 2237 regni.
345 2168 584 2238 quinque
632 2167 884 2218 scutulae
952 2175 1116 2226 sunt3
1188 2165 1581 2234 Ulyssihonam
1626 2166 1792 2219 etiam

104 2255 205 2307 per
244 2240 420 2289 socios
452 2235 689 2306 recepit3
732 2237 871 2287 inter
891 2234 1020 2286 haec
1053 2236 1371 2286 Bantmiro
1406 2236 1662 2287 Castellae
1693 2253 1793 2285 rex

105 2308 429 2378 Alphonsus
481 2307 688 2377 aliquot
755 2307 913 2357 urbes
977 2307 1251 2375 eripienS,
1308 2305 1456 2376 jussu
1519 2304 1794 2357 Pontificis

114 2377 422 2448 Imperator
468 2377 870 2446 proclamatur·⁹
926 2375 1262 2426 Ram'mz'rus
1311 2386 1492 2429 autem
1542 2375 1795 2426 laborum

102 2460 418 2517 pertaesi1S‚
477 2464 711 2516 regnum
745 2463 870 2498 cum
911 2444 1024 2496 filio
1071 2464 1168 2497 suo
1218 2444 1552 2499 Baz'mundo
1605 2446 1795 2498 comiti

99 2517 485 2570 Bercinonensi
533 2516 791 2579 tradens,
837 2516 952 2585 ipse
1018 2515 1076 2565 in
1126 2515 1450 2566 coenobium
1511 2516 1793 2567 concessit.

102 2589 234 2640 Post
264 2597 440 2639 tantas
480 2602 667 2637 rerum
701 2586 1030 2636 mutationes
1085 2585 1143 2636 in
1193 2586 1455 2655 Hispania
1508 2586 1793 2655 Alphonso

99 2659 357 2711 successit
399 2657 670 2708 Sanc-tius
709 2656 793 2707 ΠΙ.
834 2653 982 2706 1157.
1018 2663 1073 2705 et
1103 2655 1228 2707 huic
1262 2665 1386 2723 post
1421 2673 1624 2706 annum
1654 2672 1791 2724 qua-

103 2727 375 2780 drimulus
412 2726 558 2778 filius
603 2725 947 2796 Alplmasus,
998 2724 1085 2777 cui
1135 2744 1201 2777 ne
1237 2724 1655 2777 [ferdinandus
1695 2743 1794 2793 pa-

105 2808 262 2850 truus
310 2814 540 2866 regnum
570 2796 826 2866 eriperet,
864 2794 931 2846 ab
980 2793 1355 2847 Abulensibus
1384 2794 1660 2845 fidelitatis
1694 2798 1794 2846 Sa·-

105 2879 444 2919 cramentum
497 2866 700 2933 exigit.-
739 2883 877 2936 quos
912 2863 1036 2915 ideo
1084 2865 1247 2919 titulo
1285 2864 1582 2918 Fidelium
1616 2864 1795 2916 hono-

103 2940 283 2990 ravit:
322 2946 509 3008 postea
555 2936 812 2987 Toletum
857 2951 1219 3005 recupc1·ans‚
1263 2934 1548 2986 concham
1584 2934 1793 2997 Urbem

105 3009 326 3078 recepit.
358 3007 676 3078 Alplzonsus
705 3004 1036 3059 Castellanus
1064 3006 1299 3058 Sanctio
1319 3005 1640 3059 vasconiam
1674 3006 1793 3057 adi-

1538 3092 1725 3135 mem,
