1940 3672
261 204 379 265 192
776 206 1220 263 Historia

162 400 275 437 nos
315 390 453 437 ante
513 381 751 436 Christi
807 393 1086 461 tempora
1146 378 1418 438 floruisse
1467 375 1850 436 contendunt

159 466 438 548 alioquin
496 469 559 523 in
598 479 754 524 statu
792 463 1151 525 Ethnicismi
1191 488 1362 525 more
1410 462 1671 521 aliarum
1699 487 1848 547 gen-

160 559 314 613 tium
355 554 512 612 idola
562 553 936 624 coluerunt,
984 556 1302 635 praecipui
1362 552 1685 609 Danorum
1742 554 1843 610 Dii

158 657 336 701 erant
390 644 687 710 ominus,
733 642 908 714 Thyr
934 684 949 713 ,
1002 641 1205 713 Τῆον,
1235 656 1297 701 et
1341 644 1590 716 Frage,
1626 662 1658 696 a
1700 642 1844 720 qui-

159 732 273 788 bus
333 729 458 787 dies
510 728 884 785 denominati
930 741 1105 801 sunt3
1153 751 1281 809 quo
1346 731 1406 785 in
1473 740 1631 784 statu
1695 749 1845 808 prae

159 815 445 877 omnibus
499 813 786 895 gentibus
844 815 1162 895 piraticam
1217 815 1587 874 exercebant
1645 815 1842 888 Dani,

159 926 345 987 quam
408 905 468 960 in
515 900 692 959 laude
755 901 1073 982 ponebant
1132 902 1547 983 agriculturae
1600 904 1840 976 securi3

163 996 626 1073 ingravescente
671 1001 875 1048 autem
937 1010 1211 1064 annona,
1275 992 1476 1049 varias
1523 991 1846 1070 migratio-

155 1101 262 1140 nes
302 1077 616 1151 fecerunt,
656 1091 970 1159 totamque
1007 1075 1138 1136 fere
1193 1078 1503 1160 Europam
1553 1078 1670 1136 sub
1731 1099 1845 1135 no-

158 1166 429 1227 minibus
474 1165 910 1239 Cimbrorum,
962 1162 1348 1240 Gothorum,
1396 1162 1846 1247 Longobardo-

160 1279 333 1329 rum,
382 1252 726 1336 Anglorum
781 1268 842 1312 et
882 1254 1392 1313 Normannorum
1449 1252 1845 1310 inundarunt.

161 1346 361 1404 Prout
420 1355 622 1401 autem
688 1356 988 1423 regnante
1057 1340 1219 1424 apud
1273 1364 1374 1402 eos
1439 1344 1716 1399 IIeroldo
1767 1338 1846 1398 ab

170 1436 389 1490 Ottone
437 1431 520 1490 Μ.
587 1431 743 1488 Dani
791 1431 940 1488 victi
993 1428 1290 1505 fuissent,
1340 1432 1471 1513 ipse
1522 1432 1844 1486 Herolclas

161 1543 274 1580 rex
330 1521 567 1602 primus
618 1515 1028 1577 Christianam
1066 1516 1249 1577 fidem
1311 1517 1660 1598 amplexae,
1711 1514 1844 1598 ejus

165 1607 447 1689 exemplo
489 1606 619 1666 fere
680 1627 892 1664 omnes
935 1606 1011 1664 ad
1057 1605 1239 1665 fidem
1286 1605 1695 1664 Christianam
1751 1605 1848 1660 in«

163 1696 332 1754 ducti
378 1710 520 1754 sunt
565 1693 734 1777 juxta
780 1715 832 1752 a.
883 1692 988 1753 Ch.
1040 1696 1183 1755 930.
1220 1692 1296 1753 ad
1343 1715 1500 1775 quos
1546 1692 1687 1751 dein
1722 1693 1847 1749 cir-

159 1808 228 1844 ca
282 1782 551 1843 medium
598 1780 784 1841 seculi
825 1780 1043 1841 decimi
1091 1780 1168 1839 ab
1211 1782 1503 1859 Agapeto
1549 1782 1619 1838 ΙΙ.
1683 1781 1847 1837 Pon-

159 1872 318 1932 tifice
366 1871 684 1930 doctrinae
748 1867 1178 1952 propagandae
1220 1871 1413 1950 gratia
1450 1870 1665 1926 missus
1714 1877 1848 1924 erat

160 1963 408 2038 sldalgo
455 1957 940 2037 Hamburgensis
986 1958 1355 2040 Episcopus;
1420 1961 1486 2034 α)
1549 1957 1660 2036 qui
1722 1954 1845 2015 lae—

159 2051 420 2108 tissimos
459 2070 602 2106 suae
653 2043 1126 2127 praedicationis
1182 2047 1529 2128 reportavit
1574 2042 1845 2118 fruct1183

161 2137 264 2197 sed
305 2138 460 2194 Dani
499 2139 561 2193 in
608 2133 726 2193 fide
784 2135 1024 2192 Clm'stz·
1072 2135 1296 2193 imbuti
1345 2134 1506 2191 circa
1556 2154 1649 2190 an.
1697 2132 1840 2192 990.

165 2225 434 2284 multum
479 2228 604 2307 pati
651 2220 963 2280 debebant
993 2221 1205 2282 furore
1247 2224 1539 2279 Svenonis
1582 2221 1844 2277 Barba&

164 2319 478 2377 Fureatae
539 2315 648 2399 qui
696 2312 1084 2391 gravissimus
1145 2308 1640 2394 Christianorum
1704 2329 1847 2389 per-

1662 2417 1758 2455 se-

298 2619 674 2689 speetantium.
726 2613 1134 2670 Amstelodami.
1189 2609 1345 2664 1655.
1391 2610 1660 2678 Butgerus
1696 2609 1841 2660 Her-

295 2690 594 2745 mannides.
651 2688 1083 2758 Descriptionem
1153 2682 1349 2733 Daniae
1415 2689 1468 2730 et
1544 2679 1846 2747 Norvegiae

297 2760 470 2811 edidit
502 2759 891 2810 Amslelodaini
929 2755 1081 2809 1670,
1122 2753 1193 2805 in.
1237 2750 1318 2802 12.

230 2832 305 2903 a)
345 2832 418 2882 M.
474 2830 684 2882 Adami.
725 2832 862 2882 Hist.
906 2826 1049 2882 Eccl.
1087 2827 1378 2876 Danorum.
1432 2817 1687 2893 Lugduni
1742 2817 1845 2868 Ba-

299 2913 547 2952 tavorum
590 2898 744 2956 1595.
798 2901 852 2950 in
899 2898 949 2946 4.
982 2901 1119 2947 Item
1168 2889 1436 2943 Haraldus
1488 2886 1842 2948 Huitfeldus‚

299 2972 595 3024 Historiam
643 2969 908 3021 Ecclesiae
948 2967 1176 3030 Daniae,
1202 2964 1594 3031 Episeoporum
1641 2957 1837 3035 ettsse-

297 3041 512 3111 ligionis
542 3041 878 3094 Christianae
916 3037 1180 3109 Scripsit,
1226 3030 1456 3088 Hafniae
1509 3026 1660 3082 1655.
1697 3046 1754 3080 m
1790 3026 1841 3079 4.
