1940 3672
227 176 351 239 404
753 176 1204 236 Historia

140 352 584 438 possessionem
624 370 963 426 assumens,
1003 352 1187 435 paulo
1228 364 1367 437 post
1408 350 1682 435 improlis
1716 350 1824 413 de-

136 445 316 504 cessit
376 439 560 498 1595.

296 530 732 606 Sigismanclas
768 531 879 610 qui
915 541 976 588 et
1018 527 1384 611 Imperator,
1407 529 1486 588 ob
1521 527 1824 610 quaedam

137 617 410 679 violenta
447 637 556 675 sua
610 618 804 689 facta,
852 615 1285 698 infelicemque
1331 639 1596 699 pugnam
1637 619 1826 678 Nico-

136 706 477 792 politanam
527 702 680 764 adeo
727 728 760 763 a
802 728 865 766 se
913 705 1237 786 Hungaros
1291 705 1696 780 abalienevit‚
1755 720 1826 765 ut

135 798 511 854 Ladislaam
557 793 1031 878 Neapolitanum
1054 792 1172 853 sibi
1211 815 1420 876 regem
1456 792 1827 875 eligendum,

140 886 605 961 Sigismmzclum
644 905 796 941 vero
828 881 1182 941 carceribus
1224 883 1696 965 mancipandum
1720 882 1828 943 de-

136 984 499 1032 cernerent:
570 970 733 1030 unde
781 984 916 1053 post
986 970 1207 1028 multas
1269 971 1635 1031 calamitates
1680 971 1827 1029 dum

140 1059 526 1121 conditiones
561 1059 680 1118 sibi
707 1061 1060 1142 propositas
1101 1057 1588 1141 subscripsisset,
1637 1058 1828 1119 liber-

139 1151 250 1208 tati
296 1149 648 1222 restitutus‚
697 1149 1128 1206 flffalzomeclem
1166 1148 1508 1205 Turcarum
1557 1152 1830 1229 Impera-

140 1250 345 1298 torem
400 1250 463 1296 et
507 1234 638 1320 ejus
688 1257 1101 1296 successorem
1147 1237 1513 1293 Amurcttem
1561 1234 1828 1297 feliciter

138 1347 432 1409 superans
457 1369 472 1396 ,
519 1346 647 1405 quo
680 1323 756 1381 ad
792 1346 1038 1384 omnem
1067 1325 1455 1407 'reipublicae
1481 1338 1717 1408 partem
1735 1347 1830 1383 sa·-

138 1413 368 1474 lutares
426 1411 571 1471 fecit
640 1411 1100 1488 ordinationes,
1161 1435 1358 1494 quare
1414 1411 1493 1471 ab
1541 1413 1829 1473 omnibus

138 1502 427 1585 deinceps
463 1499 777 1560 deamatus
819 1502 1143 1585 PrincePS,
1178 1500 1528 1585 Imperator
1568 1501 1829 1561 Germa-—

136 1593 274 1649 niae
339 1602 399 1649 et
475 1585 804 1648 Bohemiae
849 1589 987 1648 Rex
1031 1589 1258 1650 electus
1318 1603 1446 1662 est,
1491 1588 1595 1647 sed
1644 1611 1832 1670 pecu-

135 1680 272 1739 niae
318 1698 539 1761 parum
569 1674 763 1736 fidelis
823 1689 1026 1736 custos
1078 1676 1337 1737 decessit
1387 1677 1574 1735 1457.
1639 1677 1830 1758 Regi-

134 1769 317 1826 minis
371 1767 469 1825 51.
516 1764 822 1825 Ecclesiae
874 1763 1090 1826 turbas
1137 1763 1216 1823 ab
1261 1764 1530 1825 Hussitis
1567 1769 1831 1825 concita·

137 1870 257 1932 tas,
303 1851 556 1934 Synodo
589 1853 1041 1913 Constantiensi
1071 1854 1317 1936 egregie
1350 1855 1699 1935 composuit

292 1943 591 2001 Albertas
650 1940 1015 2000 Austriacus
1047 1941 1190 2002 licet
1254 1943 1591 2025 potentiam
1638 1944 1830 2002 trium

132 2052 473 2113 regnorum
518 2043 793 2103 teneret,
840 2051 1105 2111 regnum
1160 2045 1362 2091 tamen
1421 2029 1829 2112 tranquillum

131 2119 397 2181 reddere
448 2139 575 2179 non
614 2119 822 2201 potuit
866 2118 948 2178 ob
1007 2122 1205 2177 Ulrici
1257 2120 1541 2177 Ciliensis
1579 2121 1831 2179 temeri-

129 2221 351 2283 tatem,
399 2219 461 2267 et
510 2207 855 2265 Barbarae
893 2205 1118 2269 viduae
1153 2204 1528 2289 Sigismundi
1566 2220 1830 2267 attenta-

130 2308 218 2356 tas
253 2295 578 2355 molestias.
643 2296 938 2355 Ceterum
972 2317 1112 2356 cum
1142 2298 1447 2355 Amzcrcete
1503 2296 1705 2355 Turca
1751 2295 1829 2355 ad

129 2382 557 2446 Semendriam
608 2404 885 2466 pugnare
931 2385 1143 2445 volens
1168 2430 1185 2459 ,
1236 2398 1493 2468 repente
1525 2384 1644 2443 alvi
1680 2406 1829 2468 pro-

129 2471 321 2533 fluvio
360 2484 718 2554 correptus,
768 2474 831 2530 in
893 2494 1052 2555 pago
1089 2477 1417 2550 Neszmely
1474 2474 1536 2531 in
1571 2472 1828 2554 Hunga-

130 2563 220 2621 ria
251 2574 532 2621 mortuus
570 2574 660 2621 est
712 2561 894 2621 1459.

304 2652 671 2708 Uladislaas
727 2652 779 2708 I.
836 2648 1141 2722 Polonus‚
1187 2649 1611 2710 consentiente
1642 2648 1831 2729 Regi-

133 2761 212 2796 na
258 2737 482 2811 vidua,
522 2738 658 2797 Rex
698 2737 957 2809 electuS,
1021 2736 1339 2798 seditiosos
1383 2741 1444 2795 in
1506 2737 1830 2818 Hungaria

133 2828 370 2887 virtute
419 2828 677 2884 Joarmis
737 2830 1052 2902 flanyaclc'
1097 2826 1489 2910 profligavit,
1538 2846 1611 2886 eo
1673 2823 1827 2884 duce

131 2917 375 2998 saepius
436 2927 497 2975 et
533 2915 763 2975 Turcas
801 2914 1067 2998 gloriose
1117 2912 1555 2999 reprimendO,
1602 2912 1829 2999 Bulga-

134 3005 291 3063 riam
316 3001 578 3086 subegit.
627 3003 1016 3086 Hungariam
1053 3002 1183 3068 latis
1214 3002 1641 3064 saluberrimis
1678 3001 1830 3084 legi-

1622 3087 1740 3150 bus
