1940 3672
659 140 1181 216 Belgarum.
1552 138 1681 203 279

79 342 149 382 su
199 322 361 404 pacis
429 309 902 395 Ultrajectinae‚
979 310 1164 379 1715,
1207 308 1486 395 primum
1542 335 1641 377 res
1694 311 1771 391 de

82 409 378 469 limitibus
421 404 610 485 Belgii
652 404 869 485 agitari
911 404 1153 485 coepit,
1197 399 1342 465 dein
1386 401 1572 462 1715.
1606 408 1763 466 Tra-

74 491 272 555 ctatus
303 495 378 556 de
409 491 634 554 finibus
665 491 861 572 Belgii
894 488 1203 572 praesidio
1241 485 1563 550 firmandis
1596 494 1762 552 inter

81 586 370 643 Cat-olam
408 584 481 641 V
475 582 526 639 I.
572 582 728 663 Imp.
777 593 840 639 et
879 579 1092 662 Belgas
1133 575 1212 637 ad
1251 576 1440 641 finem
1485 579 1766 641 Antver-

73 674 208 754 piae
245 669 618 753 perducitur.
667 667 832 728 Hinc
867 687 1063 748 quum
1095 666 1320 728 milites
1353 666 1586 729 dimissi
1620 668 1769 728 fuis-

70 771 234 832 sent,
315 779 461 817 mox
517 754 890 817 domesticae
955 755 1359 819 dissensiones
1427 768 1764 817 renovatae

77 860 255 921 sunt,
303 857 694 930 potestasque
736 843 1041 928 Principis
1078 842 1476 905 haereditarii
1525 843 1765 930 legibus

73 933 498 993 circumscribi
549 935 792 1015 coepit3
860 931 1090 1014 quibus
1143 931 1331 991 rebus
1372 945 1766 1018 quantopere

67 1022 448 1104 reipublicae
481 1022 848 1094 nocuerint,
895 1042 1045 1081 mox
1088 1021 1289 1105 patuit
1330 1023 1396 1079 in
1431 1019 1597 1085 bello
1634 1042 1774 1082 suc-

66 1113 351 1170 cessionis
383 1109 776 1169 Austriacae:
845 1131 1038 1191 quum
1078 1109 1249 1169 enim
1282 1112 1543 1169 *Mariae
1609 1113 1772 1171 The-

67 1203 268 1257 rasiae
298 1197 533 1258 auxilio
573 1210 802 1273 essent,
851 1197 1062 1257 Gallos
1089 1193 1242 1255 adeo
1279 1199 1345 1256 in
1383 1217 1448 1257 se
1484 1217 1769 1260 commo-

64 1301 326 1348 verunt:
390 1300 458 1345 ut
518 1307 739 1346 eorum
797 1287 1059 1369 impetui
1101 1284 1391 1346 resistere
1440 1305 1568 1348 non
1622 1306 1769 1372 pos-

66 1389 229 1451 sent3
290 1396 486 1459 quare
537 1371 615 1432 ad
670 1373 1022 1434 salvandam
1065 1371 1558 1454 rempublicam,
1630 1374 1775 1458 pri-

66 1485 239 1524 mum
295 1462 583 1524 Selandia
626 1459 769 1523 dein
816 1462 1093 1544 reliquae
1152 1461 1338 1520 etiam
1394 1462 1773 1524 Provinciae

71 1555 443 1611 Villtelmam
484 1551 596 1610 VI.
633 1554 959 1609 Frisonem
991 1551 1550 1615 Locumtenentem
1583 1572 1776 1612 suum

68 1653 472 1724 receperunt3
522 1639 630 1722 qui
678 1641 772 1698 15.
816 1640 965 1723 Maji
1009 1639 1195 1711 1747,
1232 1644 1439 1728 Caput
1477 1640 1769 1702 omnium

72 1731 574 1811 provinciarum,
638 1726 738 1787 15.
782 1728 932 1812 Maji
969 1753 1122 1792 vero
1156 1753 1486 1817 supremus
1518 1727 1775 1789 Guber-

71 1830 250 1875 nator
297 1817 615 1876 Societatis
663 1815 907 1877 Indicae
950 1821 1324 1901 OrientaliS‚
1369 1817 1574 1886 classis
1625 1817 1777 1877 item

71 1919 133 1964 et
169 1908 259 1965 rei
297 1905 584 1965 Militat-is
622 1909 976 1969 Praefectus
1012 1935 1081 1972 ac
1119 1914 1440 1974 Generalis
1475 1905 1777 1968 Direetor

73 1996 468 2053 renunciatus
523 2006 651 2075 est3
736 2020 895 2080 quae
945 1997 1452 2063 Locumtenentis
1511 1994 1782 2080 dignitas

76 2103 191 2163 pro
240 2080 514 2140 masculis
540 2107 738 2169 aeque
774 2107 842 2145 ac
876 2088 1114 2149 feminis
1154 2084 1610 2153 haereditariae
1643 2107 1782 2146 suc-

74 2171 360 2228 cessionis
415 2176 806 2234 asserebatur
850 2177 966 2234 ita:
1040 2191 1110 2236 ut
1143 2198 1454 2242 successor
1501 2175 1784 2255 Religio-

72 2260 138 2318 ni
176 2261 683 2325 Reformatorum
721 2266 800 2322 sit
838 2260 1132 2324 addictus.
1199 2269 1354 2329 Cum
1389 2281 1601 2331 autem
1645 2265 1785 2324 Vil-

72 2352 306 2409 belmas
364 2357 483 2416 IV.
538 2376 698 2417 anno
758 2353 941 2411 1751·
997 2358 1286 2430 obiisset,
1351 2357 1606 2420 interim
1656 2351 1788 2435 ejus

73 2438 307 2522 conjux
352 2452 536 2505 Arma
598 2444 850 2518 Georgii
884 2449 969 2507 II.
1021 2449 1380 2514 Britanniae
1417 2447 1582 2525 regis
1622 2441 1743 2502 filia
1767 2487 1788 2515 ‚

77 2524 271 2590 donec
310 2534 468 2593 filius
519 2536 864 2594 Villcelmzcs
915 2540 990 2596 V.
1031 2536 1413 2605 adolesceret
1453 2533 1786 2594 Guberna-

76 2622 204 2677 ¹rix
259 2624 451 2704 Belgii
503 2638 592 2687 est
649 2621 971 2686 declarata.
1035 2631 1177 2692 Non
1229 2623 1311 2688 de*
1360 2636 1535 2684 erant
1577 2632 1786 2679 tamen

78 2706 445 2771 domesticae
502 2712 833 2783 factioneS,
906 2737 1066 2796 quae
1120 2717 1426 2779 Villzelmo
1488 2714 1564 2769 V.
1630 2706 1786 2765 hanc

79 2792 444 2875 dignitatem
472 2800 711 2860 nefarie
728 2797 1166 2882 abjudicarunt
1189 2831 1204 2881 3
1237 2822 1509 2888 quarum
1533 2798 1785 2858 temeri-

79 2898 156 2940 tat
170 2906 266 2944 em
286 2887 462 2947 brevi
487 2891 834 2951 Villzelmas
860 2897 947 2954 II.
969 2897 1296 2956 Borussiae
1315 2913 1424 2953 rex
1445 2909 1587 2947 cum
1605 2905 1787 2946 exer-

80 2973 207 3032 citu
231 2994 535 3053 mercena,
558 2978 894 3062 legitimum
921 2986 1276 3069 Principem
1302 2979 1682 3044 Villaelmum
1708 2980 1787 3037 V.

1379 3067 1695 3129 Amasin-
