1940 3672
280 154 405 216 556
834 157 1265 219 Historia

184 349 322 388 sum
372 330 696 389 Cromerzcs
729 331 798 413 a)
827 335 912 394 sic
943 335 1300 396 confirmat:
1332 328 1460 393 Sub
1494 334 1710 391 Pia-sto
1745 333 1863 394 Po&

183 416 471 478 lonorum
529 440 675 499 rege
724 422 907 481 Russi
953 424 1176 502 (hodie
1227 423 1483 501 Cosaci)
1531 422 1730 482 Classe
1783 424 1860 483 ad

182 505 452 566 Pontum
489 507 801 567 Euxinum
842 527 1290 586 excurrerunt,
1339 513 1859 593 Constantinopo—

180 591 289 652 lim
321 593 731 670 obsederunt,
777 597 941 658 unde
957 599 1330 662 discedentes
1360 621 1436 659 ex
1462 600 1718 680 captivis
1738 602 1832 659 Re

176 681 471 764 ligionem
489 680 900 746 Christianam
924 685 1289 748 didicerunt.
1316 689 1679 747 Cetererum
1714 683 1860 748 haec

182 783 362 829 erant
400 782 644 829 tantum
666 773 835 831 initia
867 778 1288 836 conversionis
1305 779 1679 848 Russorum3
1713 798 1857 834 nam

173 857 354 916 Russi
387 879 494 917 seu
527 857 802 920 Rutheni
852 876 915 922 et
948 863 1365 924 Moschovitae
1402 864 1740 922 universim
1783 863 1861 925 de

176 945 312 1026 lege
364 959 426 1005 et
483 946 800 1009 voluntate
846 951 1148 1034 Principis
1218 955 1289 1009 V
1281 955 1616 1010 oladamiri
1680 949 1861 1012 Chri-

172 1035 511 1094 stianorum
552 1035 737 1094 Sacra
778 1037 1115 1099 secundum
1147 1042 1304 1099 ritus
1341 1041 1724 1101 Graecorum
1753 1062 1859 1099 su—

171 1136 518 1204 sceperunt.
565 1126 810 1184 Basilio
859 1130 948 1186 II.
1010 1129 1276 1188 Romani
1321 1124 1446 1187 filio
1485 1129 1614 1189 solo
1653 1130 1858 1212 impe—

170 1225 386 1285 rante,
435 1213 665 1271 rectius
705 1216 868 1274 circa
903 1238 1138 1275 annum
1181 1214 1288 1275 Ch.
1333 1216 1475 1276 990.
1525 1231 1856 1300 postquam

170 1297 459 1359 videlicet
495 1304 685 1358 Anna
716 1322 896 1364 soror
932 1306 1171 1363 Basilii
1208 1307 1299 1363 II.
1324 1303 1684 1387 desponsata
1707 1304 1858 1364 fuis-

169 1401 262 1447 set
313 1391 721 1448 Voladamiro
762 1390 902 1450 duci
928 1392 1247 1454 Kioviensi
1278 1415 1458 1474 aquo
1481 1396 1672 1453 totius
1689 1393 1857 1452 Rus—

168 1478 292 1536 siae
341 1474 525 1535 duces
550 1492 699 1537 'sunt
751 1480 833 1555 b)
880 1478 963 1539 Hi
1019 1483 1303 1542 conversi
1338 1503 1373 1538 a
1421 1480 1657 1541 Latinis
1693 1502 1857 1540 sem-

169 1587 284 1648 per
319 1566 557 1638 aversi,
610 1589 722 1648 per
773 1568 1104 1652 Episcopos
1142 1584 1204 1628 et
1241 1567 1582 1629 sacerdotes
1619 1569 1698 1629 ab
1731 1571 1849 1627 Im-

169 1666 460 1737 peratore
487 1655 739 1712 Basilc'o
786 1659 997 1716 missos
1045 1657 1307 1739 amplius
1338 1655 1536 1714 adhuc
1566 1659 1629 1714 in
1658 1658 1856 1715 Grae—

172 1762 247 1799 co
283 1742 411 1798 ritu
469 1755 645 1800 erant
692 1741 1040 1804 confirmati
1068 1788 1083 1819 ,
1144 1743 1308 1805 unde
1352 1759 1413 1805 et
1466 1741 1856 1804 Patriarchae

168 1829 848 1912 Constantinopolitano
871 1831 1122 1891 fuerunt
1158 1830 1457 1914 subjssecti3
1503 1830 1699 1891 donec
1734 1832 1856 1891 dis-

168 1916 366 1998 sipato
413 1939 525 1998 per
571 1920 809 1977 Turcos
855 1921 1140 1981 orientali
1183 1921 1495 2004 ImperiO,
1563 1919 1675 1980 sibi
1710 1943 1857 2003 pro—-

165 2006 379 2090 prium
408 2005 827 2065 Patriarcham
843 2008 1183 2092 elegissent,
1229 2032 1414 2091 quem
1436 2022 1497 2069 et
1532 2005 1713 2068 hodie
1748 2031 1855 2068 ve—

167 2105 500 2167 nerantur,
547 2097 659 2178 qui
713 2091 898 2157 hodie
941 2121 974 2155 a
1031 2098 1159 2157 solo
1211 2099 1439 2180 Magno
1485 2098 1653 2156 Duce
1689 2096 1852 2156 dele-

169 2195 301 2241 ctus
332 2204 446 2264 per
483 2181 636 2242 duos
665 2198 771 2241 aut
795 2198 916 2245 tres
949 2184 1280 2269 Episcopos
1298 2201 1711 2255 consecratur,
1747 2185 1852 2244 sed

166 2266 316 2328 dum
354 2271 628 2354 Principi
658 2271 857 2353 placet
905 2274 982 2332 ab
1027 2277 1223 2332 officio
1269 2286 1640 2334 removetur.
1689 2274 1853 2332 Huic

163 2359 558 2417 Moschoviae
576 2359 876 2419 habitanti
892 2361 1279 2423 Pati-iarchae
1293 2360 1548 2444 subjecti
1568 2375 1709 2420 sunt
1726 2361 1850 2419 duo

166 2443 714 2532 Archi-Episcopi,
762 2452 852 2507 uti
899 2454 1324 2509 Rostom'etzsc's
1356 2464 1417 2509 et
1449 2452 1849 2527 Novogardi-

164 2537 346 2609 ensis,
395 2536 619 2618 quibus
657 2534 916 2598 subsunt
938 2539 1172 2600 XVIIL
1207 2538 1491 2624 Episcopi
1531 2539 1659 2596 uti:
1702 2538 1849 2594 Cor-

1678 2648 1762 2682 sz-

232 2808 295 2881 α)
332 2810 621 2862 Cromerus
650 2808 793 2867 Hist.
825 2808 1009 2864 Polon.
1043 2813 1103 2865 L.
1139 2812 1195 2869 2.
1231 2807 1286 2883 b)
1324 2812 1555 2864 Joannes
1603 2811 1843 2882 Scylitza

324 2888 378 2931 et
418 2879 701 2932 Ditmarus
748 2882 802 2933 in
855 2879 1150 2946 chronico;
1213 2885 1345 2936 item
1405 2884 1635 2934 ,loannes
1688 2882 1848 2935 Fabri

320 2949 387 3000 de
424 2951 685 3019 religione
728 2950 1194 3006 Moschovitarum
1232 2963 1286 3004 et
1303 2950 1618 3023 Tyrannide
1682 2952 1847 3004 Joan-

324 3019 404 3071 nis
434 3021 719 3084 Basilidisg
759 3023 865 3075 huc
901 3023 1216 3079 referuntur
1252 3022 1414 3078 etiam
1431 3023 1523 3079 alii
1557 3021 1845 3096 scriptores

323 3090 817 3148 Moschovitarum.
