1940 3672
431 216 752 271 Gallorum
802 221 861 265 et
915 209 1320 265 Francorum.
1529 208 1606 265 79

24 392 505 456 bellicosissimas
527 390 712 447 totius
764 384 935 443 orbis
978 397 1187 466 gentes
1224 385 1560 466 primatum
1607 396 1698 442 te-

27 484 262 541 nuisse:
311 480 378 557 a)
421 475 495 534 ad
533 496 718 555 quam
763 472 1126 554 dignitatem
1178 470 1541 530 servandam
1592 493 1699 529 ne-

28 570 290 629 cessario
326 566 503 623 etiam
541 561 790 643 politiae
829 574 1051 618 statum
1115 562 1418 640 optimum
1465 561 1703 617 consti-

32 671 206 715 tuere
242 663 548 720 conanteS,
595 646 1017 708 Monarchiam
1051 647 1341 728 Regalem
1368 648 1703 728 elegerunt;

32 739 395 801 naturaliter
434 739 760 818 propensi,
801 749 870 794 ut
906 757 1100 793 unum
1133 735 1458 795 excellenti
1506 734 1709 814 digni-

33 842 158 888 tate
203 825 337 907 plus
361 837 766 883 revereantur
792 838 851 883 et
871 837 1145 883 metuant
1160 822 1470 883 homines:
1519 844 1708 904 quam

33 928 271 974 certum
318 929 646 970 numerum
692 910 1072 971 delectorum
1107 915 1218 992 qui
1264 910 1458 993 gradu
1497 925 1558 970 et
1611 909 1707 966 di-

33 1003 261 1084 gnitate
306 1013 506 1057 essent
549 1020 764 1080 pare53
811 1021 890 1058 ne
951 1020 1104 1057 vero
1166 997 1479 1078 tyrannidi
1539 998 1708 1056 locus

34 1101 187 1149 esset
207 1132 223 1160 ‚
260 1089 420 1167 regis
450 1100 810 1169 potestatem
841 1088 1023 1145 certis
1059 1085 1295 1166 legibus
1315 1101 1375 1145 et
1406 1085 1713 1144 conditio-

31 1175 213 1235 nibus
250 1176 665 1233 cons'trictam'
692 1195 819 1234 esse
864 1185 1224 1232 statuerunt.
1288 1175 1527 1232 Verum
1573 1174 1711 1255 pri—

35 1284 313 1322 maevam
357 1258 509 1321 hanc
551 1262 762 1346 populi
794 1261 1149 1321 felicitatem
1175 1305 1189 1333 ,
1236 1263 1460 1320 sensim
1505 1283 1572 1319 ea
1617 1281 1714 1318 res

35 1352 359 1433 corrupit,
407 1350 576 1431 quod
631 1352 952 1410 oberratos
1009 1371 1042 1408 e
1096 1348 1280 1429 vulgo
1329 1346 1606 1406 homines
1652 1349 1716 1404 in

37 1440 399 1499 servitutem
430 1436 769 1519 redigendo
802 1459 948 1521 opes
997 1458 1131 1495 suas
1178 1457 1403 1518 augere
1458 1434 1717 1495 studue—

34 1529 202 1599 rint,
247 1547 374 1607 quo
410 1525 570 1585 facto
600 1525 814 1585 fiebat:
864 1539 934 1584 ut
970 1524 1276 1583 nobilium
1304 1523 1594 1584 factiones
1618 1523 1722 1582 hi-

27 1613 256 1673 'fariam
291 1612 707 1688 discederent,
755 1614 869 1671 alia
905 1614 1253 1687 servitutis,
1300 1612 1415 1671 alia
1466 1613 1719 1671 liberta-

39 1705 118 1761 tis
171 1701 351 1760 titulo
417 1704 748 1761 amicitiam
810 1701 1102 1761 foventes.
1151 1700 1314 1760 Hinc
1389 1703 1435 1760 I.
1499 1703 1722 1757 Status

48 1791 298 1847 Galliae
334 1804 663 1871 antequam
693 1814 728 1848 a
768 1790 1065 1849 Romanis
1098 1790 1161 1846 in
1197 1791 1583 1871 provinciam
1620 1810 1727 1847 re·-

44 1876 362 1958 digeretur
403 1900 516 1960 per
552 1880 787 1936 Julium
834 1880 1165 1935 Caesarem
1204 1879 1252 1936 is
1297 1877 1443 1942 fuit:
1493 1891 1563 1936 ut
1608 1898 1724 1935 ne-

42 1987 166 2048 que
222 1967 510 2025 universa
555 1966 751 2024 Gallia
810 1967 991 2023 unius
1044 1967 1306 2048 imperio
1369 1979 1723 2047 regeretur,

44 2075 250 2134 neque
283 2053 555 2134 singulae
590 2055 872 2113 civitates
909 2055 1038 2112 sive
1084 2055 1146 2109 in
1192 2053 1405 2136 populi
1431 2101 1448 2126 ,
1497 2055 1625 2112 sive
1660 2056 1724 2111 in

45 2143 413 2224 optimatum
442 2154 742 2224 potestate
789 2154 1025 2201 essent:
1074 2139 1179 2200 sed
1229 2143 1310 2199 ita
1343 2141 1538 2200 divisa
1580 2140 1730 2213 fuit,

47 2243 119 2288 ut
155 2227 491 2310 pleraeque
535 2231 813 2289 civitates
857 2251 1016 2310 quae
1084 2228 1318 2288 liberae
1365 2230 1732 2290 dicebantur

49 2318 419 2398 optimatum
465 2316 720 2376 consilio
767 2330 1165 2398 regerentur3
1213 2318 1488 2398 reliquae
1521 2332 1728 2378 autem

49 2404 253 2484 Reges
299 2401 615 2464 haberent.
663 2404 892 2464 Omnes
939 2418 1140 2465 tamen
1207 2406 1457 2465 eandem
1505 2408 1739 2466 eonsti—

51 2494 351 2551 tutionem
393 2491 716 2566 tenebant,
762 2515 986 2574 nempe
1031 2507 1202 2552 certo
1250 2498 1393 2552 anni
1455 2510 1741 2576 tempore

47 2580 291 2662 publica
308 2582 556 2640 comitia
573 2580 984 2653 celebrarunt,
1005 2584 1066 2638 in
1089 2604 1213 2663 quo
1232 2605 1298 2641 ea
1320 2606 1477 2663 quae
1500 2583 1574 2640 ad
1595 2585 1741 2640 uni·-

49 2688 290 2727 versam
332 2668 779 2752 rempublicam
816 2671 1136 2751 pertinere
1180 2669 1553 2731 videbantur
1586 2692 1743 2728 con—m

1469 2761 1648 2816 stitu-

128 2918 190 2990 α)
228 2918 496 2970 Antonius
530 2919 789 2978 Goselini.
828 2921 885 2972 in
918 2922 1057 2974 Hist.
1108 2924 1408 2977 Gallorum.
1459 2928 1737 2982 Veterum.

219 2987 445 3039 Cadomi
482 2986 631 3040 1637.
650 2984 981 3042 Gaudentius
1012 2995 1217 3045 Merula
1237 2993 1302 3045 de
1337 2997 1616 3049 Gallorum
1636 3019 1735 3050 an-

217 3058 491 3127 tiquitate.
529 3058 780 3126 Lugduni
805 3059 954 3113 1538.
989 3066 1045 3115 in
1081 3061 1133 3115 8.
1158 3065 1398 3118 Andreas
1434 3068 1506 3120 du
1527 3070 1736 3122 Chesne

214 3125 558 3179 Francofurti
599 3126 748 3181 1584.
787 3130 843 3182 in
878 3132 933 3185 ὅ.
