1940 3672
467 203 784 257 Gallorum
822 206 883 251 et
927 198 1329 253 Francorum.
1540 193 1660 251 105

82 366 294 443 daret,
355 392 545 451 quare
599 387 739 426 eum
801 366 1057 450 plurimi
1115 367 1486 426 Germaniae
1535 362 1753 444 populi

82 454 470 532 deserentes,
526 475 786 534 regnum
837 467 899 513 et
946 455 1279 536 Imperium
1328 452 1611 514 deserere
1649 469 1753 508 co-

83 557 250 602 actus
296 544 369 602 ad
417 542 810 617 Arnalplzum
852 542 1148 601 Bavariae
1187 543 1421 623 Regem
1479 535 1757 621 profugit

91 633 232 690 888.
282 653 400 710 qua
439 631 755 688 occasione
805 631 894 687 IX
950 634 1112 702 Odo,
1157 628 1423 689 Roberti
1482 627 1751 683 Franco-

82 737 223 780 rum
282 716 450 777 ducis
519 715 678 780 filius
747 718 884 775 Rex
954 717 1248 781 Franciae
1317 715 1544 776 electus
1610 723 1700 771 est
1741 756 1758 786 ,

82 826 269 884 quem
331 805 588 862 Carolus
667 807 924 879 simplex
984 805 1090 863 ubi
1139 803 1504 865 adolevisset
1556 820 1752 880 regno

82 889 392 972 depellere
436 891 648 951 volens
679 936 695 965 ,
749 891 1059 957 celebrem
1116 891 1192 951 de
1244 889 1619 954 Normannis
1677 885 1756 946 ad

81 992 354 1042 montem
405 981 768 1038 Falconium
815 981 1159 1061 reportavit
1227 981 1557 1041 victoriam
1611 975 1754 1035 889.

79 1066 180 1122 cui
229 1065 480 1131 demum
532 1065 771 1131 decimo
829 1069 1003 1149 regni
1067 1088 1229 1130 anno
1272 1066 1559 1126 successit
1592 1108 1609 1136 ,
1675 1062 1754 1121 Χ.

84 1154 343 1217 Carolus
404 1157 661 1230 simplex
722 1156 785 1213 in
831 1177 957 1236 quo
1022 1156 1232 1212 Caroli
1296 1156 1386 1215 M
1436 1151 1760 1233 posteritas

75 1239 197 1324 jam
235 1244 496 1306 nimium
544 1241 888 1303 labescebat
915 1288 929 1316 ,
974 1240 1151 1324 cujus
1209 1239 1629 1303 imbecillitate
1666 1239 1759 1297 usi

79 1328 424 1389 Normanni
469 1327 682 1412 jugum
736 1342 1026 1392 excutere
1065 1340 1425 1400 tentarunt,
1467 1327 1577 1408 qui
1616 1345 1763 1406 pace

85 1421 407 1500 compositi
445 1417 648 1478 denuo
663 1416 1046 1482 rebellarunt
1066 1441 1082 1495 3
1107 1419 1366 1478 Carolus
1392 1439 1425 1474 a
1449 1414 1568 1472 suis
1587 1410 1773 1477 desti,-

79 1517 246 1568 tutus
298 1521 359 1571 et
406 1507 548 1567 925.
591 1505 668 1565 ad
712 1506 1055 1591 Augustam
1102 1506 1500 1564 Suessionum
1569 1501 1770 1559 victus

80 1615 204 1655 una
256 1616 390 1659 eum
449 1596 558 1659 XI,
622 1595 891 1657 Roberto
939 1594 1119 1675 regni
1163 1594 1447 1653 invasore
1476 1634 1491 1665 ,
1548 1584 1645 1649 hic
1695 1589 1760 1646 in

78 1682 316 1763 proelio
356 1682 626 1756 interiit,
677 1685 934 1740 Carolus
982 1703 1134 1742 vero
1180 1682 1459 1755 Simplex
1520 1673 1760 1740 tardius

82 1770 226 1829 929.
287 1790 365 1834 ex
426 1789 714 1830 moerore
783 1772 972 1829 animi
1025 1767 1362 1830 contabuit.
1454 1766 1528 1826 In
1584 1761 1764 1845 cujus

81 1868 251 1914 tanta
297 1858 577 1938 ignavia,
620 1858 856 1918 interea
891 1881 984 1916 an.
1025 1859 1168 1919 925,
1217 1856 1341 1916 XII
1393 1853 1765 1929 Baclolplzus

81 1942 210 2002 dux
261 1942 658 2026 Burgundiae
695 1945 833 2004 Rex
870 1945 1256 2008 Francorum
1299 1943 1593 2007 salutatus
1635 1952 1763 2016 est3

83 2032 190 2113 qui
244 2032 386 2091 licet
439 2033 858 2092 Nortmannos
922 2032 1360 2105 debellaverit,
1419 2031 1603 2089 nimis
1674 2042 1766 2087 ta-

83 2141 227 2179 men
251 2118 621 2179 factionibus
639 2118 941 2182 distentus
964 2124 1394 2184 auctoritatem
1430 2139 1605 2178 suam
1647 2113 1765 2174 ful-

82 2210 210 2267 cire
267 2230 392 2266 non
441 2209 682 2289 potuit,
723 2230 848 2290 quo
899 2211 1044 2291 956.
1082 2222 1366 2282 mortuO,
1413 2208 1765 2265 chdovicas

91 2298 578 2353 Trcmsmczritms
623 2296 829 2355 Caroli
887 2296 1178 2380 simplicis
1233 2293 1428 2369 filius,
1499 2294 1607 2376 qui
1660 2314 1766 2375 pa-

82 2397 180 2443 tre
233 2383 307 2444 de
355 2404 550 2465 regno
605 2382 937 2445 deturbato
981 2387 1046 2442 in
1082 2383 1374 2466 Angliam
1417 2404 1479 2442 se
1521 2402 1773 2464 recepe-

83 2485 215 2544 rat,
259 2492 423 2530 nunc
479 2469 558 2529 ad
610 2493 876 2554 regnum
935 2473 1231 2533 Franciae
1283 2468 1775 2554 recuperandum

87 2572 415 2619 revocatus
439 2603 455 2634 ,
498 2581 647 2618 mox
692 2562 1077 2619 Herbertzcm
1118 2562 1453 2633 Comitem,
1506 2558 1616 2640 qui
1658 2579 1767 2638 pa-

85 2659 247 2707 trem
294 2645 425 2730 ejus
461 2651 777 2728 captivum
819 2661 1136 2723 tenuerat,
1180 2646 1549 2729 strangulari
1593 2666 1773 2704 cura-

90 2736 223 2806 vit,
283 2756 479 2817 quare
514 2732 594 2792 ab
644 2738 910 2813 Hugone
956 2738 1337 2795 Parisiorum
1402 2735 1626 2794 comite
1674 2752 1773 2789 ca-

89 2835 268 2905 ptus,
313 2819 418 2880 sed
473 2843 587 2903 per
640 2826 923 2881 Ottonem
968 2845 1160 2904 regno
1222 2824 1575 2894 restitutus,
1620 2817 1771 2883 illud

94 2930 223 2971 non
270 2908 503 2992 majore
557 2906 849 2972 felicitate
887 2933 1074 2994 quam
1105 2922 1281 2995 pater
1319 2908 1771 2972 administravit

1591 2996 1686 3057 19.
