1940 3672
647 126 1126 199 Belgarum.
1548 124 1670 183 259

82 310 348 366 bilitacis
410 326 538 386 quo
581 299 780 358 Duces
834 299 1102 358 Comites
1153 310 1214 359 et
1267 298 1474 380 magni
1530 299 1763 358 Dimini

88 397 432 477 pertinent:
467 405 527 449 et
566 390 907 445 Civitaticm
945 408 1132 467 quem
1169 387 1504 469 primariae
1538 387 1760 443 civita-

81 497 171 543 tes
239 487 676 563 representant.
768 475 1162 555 Episcopatus
1231 486 1408 534 erant
1470 486 1759 554 quatuor.

83 567 445 628 Academiae
483 577 544 623 et
590 560 1003 621 Bibliothecae
1050 560 1422 644 complures,
1517 559 1760 619 Incolae

84 669 226 716 sunt
296 652 587 722 formosi,
652 650 879 730 quieti,
922 672 1144 731 parum
1200 647 1492 709 cholerici
1552 660 1612 707 et
1661 670 1761 706 su·-

75 741 293 826 perbI,
349 736 596 809 civiles,
643 734 719 794 ad
779 739 986 795 omnia
1029 739 1305 820 prompti
1346 783 1362 811 ,
1419 735 1759 809 laboriosi,

83 830 241 910 grati
276 829 339 884 in
398 824 557 885 bene
600 825 887 898 meritos,
943 826 1172 884 artium
1233 837 1295 884 et
1347 824 1762 884 Scientiarum

75 934 320 997 capaces
342 956 358 986 ,
393 911 865 995 privilegiorum
890 913 1204 972 avitorum
1235 911 1526 971 studiosi:
1576 910 1638 969 id
1671 925 1761 970 ta·-

76 1023 219 1061 men
256 1001 403 1059 vitii·
452 998 686 1059 habent
729 998 986 1080 Belgae,
1026 998 1195 1081 quod
1244 1013 1399 1081 potu
1439 1020 1505 1058 se
1563 1001 1760 1058 nimio

74 1089 455 1170 ingurgitent
500 1084 670 1168 juxta
706 1086 859 1145 illud
898 1087 1145 1145 Horatii
1204 1089 1365 1144 Vino
1392 1089 1611 1160 pellice
1653 1109 1759 1145 cec-

70 1198 213 1249 rem,
260 1169 615 1257 hinc-„saepe
653 1176 1015 1234 immaturae
1044 1174 1262 1233 mortis
1299 1191 1537 1233 causam
1584 1196 1759 1257 prae-

69 1263 250 1337 bent,
286 1261 462 1347 juxta
502 1261 656 1321 illud
703 1263 1044 1344 Propertii:
1100 1263 1263 1318 V‘ino
1301 1264 1521 1336 sbi-ma
1543 1266 1755 1336 perit,

76 1355 235 1410 Vino
309 1354 735 1427 corrumpitur
796 1360 993 1406 aetas,
1089 1347 1454 1410 Generatim
1526 1351 1755 1408 vestitu

64 1438 391 1499 commodo
417 1452 713 1512 utuntur,
738 1458 808 1495 ac
847 1448 1263 1496 mercaturam
1288 1449 1350 1497 et
1386 1449 1547 1495 artes
1583 1458 1752 1495 com—-

64 1528 336 1588 munitet·
387 1540 697 1587 exercent.
744 1524 811 1603 a)

243 1615 288 1692 ᾗ.
357 1617 411 1672 2.
470 1618 691 1672 Status
753 1614 1099 1689 Religionis
1160 1624 1221 1669 et
1278 1614 1747 1670 consuetudinis,

73 1701 352 1783 Belgium
408 1715 594 1785 prout
642 1701 720 1761 ad
771 1701 1133 1782 Hispaniam
1200 1700 1300 1759 vel
1355 1700 1751 1760 Germaniam

62 1789 443 1873 pertinebat,
491 1792 575 1850 ita
620 1811 761 1854 cum
810 1789 880 1849 iis
933 1787 1164 1847 Veram
1220 1785 1448 1848 Christi
1493 1787 1747 1868 religio-

1059 1899 1094 1934 r
1143 1879 1176 1935 2
1520 1897 1664 1936 nem

136 2087 206 2146 a)
244 2081 321 2132 De
357 2078 729 2150 Geographico
768 2081 925 2132 Statu
959 2079 1126 2147 Belgii
1159 2079 1495 2147 scripserunt
1527 2073 1745 2127 Huber-

203 2161 292 2203 tus
339 2149 766 2214 Thomaeleodi,
804 2150 869 2200 de
899 2151 1115 2220 populis
1153 2147 1469 2200 Germaniae
1514 2143 1746 2196 inferio-

205 2221 317 2284 ris,
368 2221 714 2288 Argentorati
763 2218 913 2271 1541.
976 2218 1256 2270 Abraham
1314 2214 1566 2267 Ortelius.
1623 2214 1747 2264 Bel-

203 2291 352 2358 gium
389 2291 550 2341 Vetus
583 2290 910 2358 Antverpiae
954 2287 1100 2341 1595.
1140 2287 1238 2343 fol.
1276 2286 1517 2339 Andreas
1553 2284 1747 2334 Desse-

204 2361 325 2412 lius,
377 2359 740 2410 Bibliothecae
798 2360 1041 2427 Belgicae
1104 2357 1331 2410 Lovanii
1382 2353 1536 2408 1643.
1587 2354 1643 2403 in
1691 2352 1746 2408 4.

203 2428 631 2498 Christophorus
675 2429 945 2483 Calvetus.
999 2427 1347 2496 Antverpiae.
1389 2424 1543 2477 1552.
1579 2424 1635 2474 in
1691 2421 1742 2474 8.

204 2500 462 2551 Albertus
498 2499 798 2550 Golnitzius
832 2499 886 2549 in
914 2499 1105 2568 Vlys>e
1144 2497 1299 2549 Gallo
1333 2495 1569 2562 Belgico.
1610 2498 1743 2545 Am-

196 2569 480 2622 stelodami
529 2566 679 2621 1655.
718 2568 947 2619 ,loannes
993 2571 1342 2635 Grammaye.
1382 2563 1554 2616 edidit
1585 2579 1744 2632 pere-

197 2639 563 2708 grinationem
611 2637 882 2706 Belgicam
930 2638 1184 2689 Coloniae
1225 2633 1382 2690 1623.
1415 2635 1472 2684 in
1508 2631 1563 2686 8,
1596 2631 1745 2700 opti-

199 2726 288 2759 ma
329 2719 409 2760 est
438 2707 711 2761 Ludovici
750 2707 1116 2759 Guicciardini
1156 2702 1569 2772 Belgiographia
1593 2740 1607 2763 ,
1646 2718 1740 2751 seu

201 2778 449 2829 omnium
487 2777 656 2846 Belgii
699 2776 986 2843 regionum
1031 2775 1342 2844 descriptio,
1380 2773 1545 2823 latine
1584 2787 1741 2820 versa

201 2864 299 2917 per
349 2848 659 2915 Regnerum
705 2845 990 2897 Vitellium
1045 2842 1437 2896 Amstelodami
1496 2837 1644 2893 1635.
1684 2839 1742 2890 in

206 2915 287 2967 12.
324 2916 745 2985 locupletissima
773 2924 853 2966 est
884 2915 1104 2968 Martini
1124 2912 1324 2964 Zeileri
1355 2910 1404 2962 T
1407 2908 1743 2982 opographia

203 2984 486 3040 Inferioris
522 2985 875 3053 Germaniae,
912 2983 1256 3040 Francofurti
1290 2979 1439 3037 1667.
1479 2978 1577 3032 fol.
