1940 3672
244 123 434 182 544‘
726 121 1178 181 Historia

323 301 547 356 Petras
589 297 639 352 I.
681 296 1054 371 AlexiovitS,
1119 298 1396 376 Magnus
1429 294 1512 356 ob
1551 294 1825 381 praecla-

152 409 219 446 ra
266 388 328 444 in
365 385 643 445 Russiam
675 384 892 442 merita
933 384 1167 459 dictus,
1205 387 1319 445 sub
1355 384 1525 468 cujus
1560 383 1828 468 pruden-

151 478 195 535 ti
230 475 530 556 regimine
556 514 571 544 ‚
617 468 693 527 ad
737 470 905 551 quod
938 494 971 528 a
1012 486 1227 532 natura
1271 485 1403 533 erat
1437 484 1646 547 natuS,
1692 474 1827 532 Mo·-

151 565 355 623 scovia
402 558 478 619 ad
521 579 822 617 summam
861 562 1124 619 nominis
1158 561 1578 622 celebritatem
1611 574 1673 620 et
1709 581 1825 643 po·-

152 651 380 710 tentiae
404 644 666 729 gradum
701 649 1022 729 pervenit,
1069 645 1167 707 hic
1199 652 1364 710 enim
1399 651 1462 706 in
1504 647 1668 709 bello
1702 670 1830 707 ma-

149 758 334 821 gnus,
396 733 500 795 sed
555 735 620 792 in
656 755 805 815 pace
855 735 1038 817 longe
1082 735 1278 819 major
1319 739 1610 820 Princeps
1656 748 1824 796 erat:

150 826 263 908 qui
320 845 463 883 cum
519 820 757 882 dudum
800 822 1146 884 desiderata
1206 824 1521 908 disciplina
1569 824 1828 883 Militari

147 915 333 974 etiam
377 913 667 992 ingenuas
723 923 884 971 artes
938 926 1000 972 et
1050 913 1289 973 Literas
1341 935 1554 994 magna
1599 914 1828 971 virium

148 1001 545 1061 contentione
594 1000 656 1058 in
699 1000 982 1060 Russiam
1025 1002 1237 1082 positis
1289 1004 1569 1060 maximis
1613 999 1832 1059 funda-

146 1088 420 1148 tionibus
486 1084 764 1147 induxit:
841 1086 1014 1169 cujus
1070 1090 1301 1171 optima
1356 1092 1678 1148 conamina
1730 1087 1831 1146 vel

150 1177 288 1235 ideo
320 1188 632 1235 aeternam
665 1178 1030 1237 memoriam
1062 1190 1413 1250 merentur,
1475 1176 1648 1259 quod
1686 1198 1834 1259 gen-

151 1280 274 1324 tem
312 1265 872 1323 numerosissimam
916 1279 977 1324 et
1012 1267 1583 1347 antiquissimarum
1616 1287 1836 1347 super-

146 1356 465 1412 stitionum
512 1355 997 1426 tenacissimam,
1062 1367 1261 1412 tamen
1318 1353 1616 1412 instillatis
1672 1353 1834 1412 salu-

150 1442 385 1501 taribus
434 1441 752 1524 principiis
797 1441 874 1500 ad
905 1442 1260 1525 politiorem
1300 1444 1463 1500 vitae
1516 1440 1831 1501 ducendae

147 1533 452 1588 rationem
499 1540 562 1587 et
601 1529 945 1604 culturam,
992 1528 1356 1588 difficillimis
1406 1530 1550 1589 licet
1596 1531 1832 1588 labori-

146 1618 261 1676 bus
304 1615 708 1699 perduxerim
766 1616 932 1677 unde
985 1620 1211 1676 merito
1261 1620 1564 1676 maximus
1618 1619 1832 1677 Russi-

149 1728 256 1765 cae
294 1706 509 1764 Gentis
545 1704 830 1764 conditor
878 1704 1002 1764 dici
1040 1715 1334 1766 meretur.
1398 1703 1590 1786 Cujus
1627 1720 1831 1786 sag-ata

147 1808 275 1852 acta
313 1794 641 1876 praecipua
673 1805 887 1852 erant:
955 1792 1194 1853 Bellum
1229 1812 1372 1850 cum
1411 1793 1630 1854 Turcis
1670 1806 1833 1853 tanta

144 1884 482 1941 constantia
520 1892 580 1939 et
611 1879 858 1941 fervore
888 1883 1104 1963 gessit,
1136 1893 1205 1939 ut
1235 1882 1321 1939 eis
1360 1883 1827 1942 munitissimam

145 1971 386 2030 Urbem
442 1972 630 2027 Azow
685 1967 761 2029 ad
816 1969 1000 2029 litora
1067 1971 1286 2027 Tanais
1341 1971 1518 2029 sitam
1568 1971 1829 2031 feliciter

145 2059 460 2142 eripuerit.
525 2059 664 2117 Pari
704 2080 1021 2118 armorum
1056 2079 1330 2117 successu
1373 2056 1607 2118 bellum
1647 2060 1830 2141 gessit

144 2150 328 2207 etiam
382 2168 522 2206 cum
579 2149 798 2203 Cassolo
839 2149 999 2204 XII.
1048 2147 1388 2205 Svecorum
1431 2147 1640 2230 Rege,
1711 2169 1828 2205 cu-

144 2236 238 2317 jus
270 2236 702 2294 munitiSsimas
739 2234 945 2292 Urbes
985 2237 1072 2292 uti
1108 2235 1686 2313 Sohlic‘sselbmgmn
1728 2239 1828 2294 In-

147 2325 576 2396 ‹·-ermanniae,
637 2336 697 2381 et
743 2325 1110 2398 Dorpatcmz
1148 2323 1446 2381 Livoniae
1493 2338 1829 2407 spontanea

146 2370 181 2405 ὃ
1562 2411 1741 2472 dedi-

281 2583 401 2634 m‘el
449 2584 670 2635 Prz'noz
720 2602 749 2635 a
797 2581 1070 2642 But-laam,
1129 2581 1383 2635 Gubenae
1430 2576 1586 2634 1681.
1631 2576 1824 2628 Petl'US

282 2655 504 2706 Petreus
547 2654 815 2706 Chronica
879 2653 1216 2716 Mose-ovim,
1283 2652 1498 2723 Lipsiae
1561 2646 1712 2725 1620.
1768 2664 1826 2697 in

283 2723 334 2777 4.
379 2722 612 2775 Joannes
666 2724 989 2793 Mosquera,
1039 2722 1107 2774 de
1146 2723 1432 2794 adeptione
1469 2718 1690 2791 Imperii
1729 2736 1827 2786 pa-

282 2795 426 2846 terni
463 2795 727 2847 Demetrii
766 2793 1031 2862 Principis
1054 2832 1069 2855 ,
1121 2794 1348 2846 Madriti
1400 2792 1555 2845 1609.
1594 2790 1826 2864 Joamies

279 2866 614 2917 Derbornius
646 2865 863 2934 scripsit
896 2867 1067 2915 'vilain
1096 2864 1315 2915 Joannis
1351 2861 1628 2925 Basilidis,
1682 2858 1823 2906 Wit-

283 2936 550 3002 tebcrgae.
592 2933 746 2989 1585.
783 2934 1064 2986 Com'adus
1104 2933 1175 2984 dc
1211 2934 1444 2988 Klenck.
1482 2926 1829 2986 Amsteloda-

292 3006 365 3056 nii
408 3003 552 3058 1677.
594 3003 874 3075 Adolphus
914 3004 1182 3074 Lysecky.
1221 3013 1323 3060 eto,
