1940 3672
616 206 1224 279 Hispanorum.
1636 208 1672 265 5

75 366 420 428 mirabilem
454 362 759 424 habentes
806 362 1188 422 Nocentibus
1219 362 1587 422 animalibus
1627 387 1750 424 non

75 455 358 513 abundat.
405 450 586 524 Quod
632 464 837 510 autem
876 449 1178 531 quaedam
1220 453 1283 507 in
1326 451 1621 533 Hispania
1668 452 1758 510 lo-

73 563 140 597 ca
175 542 399 600 inculta
415 542 554 611 sint,
588 560 830 596 causam
865 550 1140 596 statuunt
1181 539 1445 619 primam
1482 537 1758 597 fertilita-

74 640 216 703 tem,
257 629 656 707 omniumque
689 649 904 685 rerum
927 624 1370 683 abundantiam
1395 671 1409 699 ,
1458 639 1529 683 ut
1554 625 1754 706 plebei

67 712 345 775 homines
379 712 509 774 fere
541 736 618 772 ex
662 712 967 772 fructibus
999 713 1418 786 silvestribus,
1464 713 1647 774 melle
1695 729 1759 774 et

66 801 271 862 herbis
301 802 464 861 laute
505 803 717 861 vivele
751 804 1018 883 possint,
1067 800 1230 861 unde
1286 801 1362 859 ad
1416 801 1755 883 agiicultu-

67 912 198 948 ram
239 911 364 948 non
413 911 787 971 magnopele
838 846 1515 970 cogunm1.Secund³0
1581 889 1755 972 quod

62 998 380 1035 armorum
407 999 518 1035 usu
558 978 747 1059 magis
789 976 980 1058 quam
998 976 1249 1051 Aratro,
1288 992 1350 1035 et
1383 976 1586 1036 studio
1634 1000 1746 1037 ex—

58 1063 430 1125 excolendae
470 1079 674 1125 terrae
706 1066 1077 1138 afficiantur,
1126 1064 1380 1146 Hispani
1428 1067 1592 1123 enim
1625 1079 1749 1125 tam

60 1166 330 1211 amantes
376 1151 691 1212 bellorum
706 1175 949 1235 semper
969 1149 1155 1210 fuisse
1184 1151 1497 1234 leguntur,
1534 1165 1603 1210 ut
1619 1152 1751 1212 bel-

58 1239 187 1298 lum
228 1263 413 1321 quam
442 1244 637 1300 otium
685 1240 968 1313 mallent,
1016 1253 1077 1299 et
1121 1237 1271 1298 dum
1308 1253 1599 1299 externus
1639 1238 1750 1299 ho-

52 1330 160 1387 stis
203 1327 475 1404 deesset,
524 1331 690 1389 inter
729 1352 791 1389 se
835 1327 1262 1401 decertarent,
1311 1325 1527 1387 relicta
1569 1326 1750 1386 femi-

54 1418 150 1475 nis
193 1419 285 1476 rei
334 1415 650 1477 familiaris
692 1432 754 1478 et
783 1438 1081 1498 agrorum
1121 1437 1304 1493 cura3
1366 1413 1510 1474 hinc
1554 1413 1745 1474 bella-

48 1506 181 1562 trix
221 1507 534 1587 armisque
581 1505 809 1565 nobilis
850 1505 1146 1588 Hispania
1204 1504 1427 1587 passim
1479 1502 1744 1562 vocaba-

52 1589 189 1666 fur,
227 1616 389 1675 quae
418 1597 590 1677 prius
631 1594 975 1654 aRomanis
1020 1591 1263 1651 obsessa
1318 1603 1491 1664 erat,
1554 1612 1745 1672 quam

50 1703 113 1744 se
159 1683 350 1763 ipsam
385 1685 813 1764 cognovisset,
862 1678 1024 1739 unde
1054 1679 1242 1762 paulo
1283 1691 1422 1763 post
1456 1700 1742 1760 magnam

50 1797 84 1831 a
130 1769 350 1829 bellica
397 1769 764 1830 fortitudine
824 1769 1087 1852 gloriam
1149 1766 1392 1851 adepti,
1484 1782 1735 1850 praeter

49 1856 192 1918 alias
230 1860 598 1938 provinciaS,
622 1880 857 1917 novum
887 1855 1214 1917 occiduum
1234 1857 1477 1929 orbem,
1505 1877 1734 1938 nempe

49 1947 401 2006 Americam
442 1948 704 2028 imperio
743 1969 852 2006 suo
887 1943 1281 2025 adjecerunt,
1304 1943 1629 2005 Laborum
1650 1943 1739 2001 fa-

48 2035 165 2094 mis
219 2048 281 2093 et
337 2036 465 2094 sitis
518 2034 1014 2107 tolerantissimi,
1081 2035 1146 2091 in
1206 2031 1739 2114 stratagematibus

46 2123 210 2182 cauti
239 2167 254 2195 ,
290 2144 553 2206 corpore
590 2123 827 2184 veloces
844 2168 861 2194 ,
888 2119 1123 2182 hostem
1155 2119 1332 2182 facile
1366 2134 1738 2201 sequuntur3

43 2212 118 2271 ad
155 2211 508 2271 Literarum
549 2212 746 2271 studia
783 2213 968 2272 etiam
1012 2212 1344 2292 aptissimi,
1392 2212 1735 2267 Herculem

41 2321 183 2359 cum
227 2299 421 2358 Musis
485 2299 887 2383 conjungunt.
980 2299 1318 2358 Tributum
1368 2320 1495 2356 non
1556 2298 1732 2379 prius

43 2389 272 2449 exteris
324 2388 676 2464 solverunt,
719 2412 906 2471 quam
974 2388 1262 2465 Augusto
1324 2386 1731 2469 Imperatori,

41 2479 153 2560 qui
195 2475 343 2534 dum
377 2479 550 2537 vario
585 2492 784 2538 marte
816 2497 1066 2537 omnem
1097 2477 1462 2560 Hispaniam
1503 2471 1732 2555 perdo·
1768 2550 1775 2561 ·

40 2567 331 2637 muisset,
399 2568 753 2626 universam
810 2568 875 2624 in
925 2578 1049 2624 tres
1108 2565 1467 2624 Provincias
1515 2560 1728 2619 divisit

36 2654 411 2728 Baeticam,
457 2658 893 2714 Lusitania-am
918 2698 933 2727 ,
990 2665 1053 2712 et
1108 2656 1633 2710 Tarraconensem
1672 2660 1734 2707 et

39 2745 293 2823 singulis
325 2744 610 2802 atnibuti
659 2757 837 2803 erant
895 2754 1251 2800 conventus.
1311 2739 1490 2797 Prius
1538 2737 1601 2793 in
1644 2738 1731 2793 ci-

44 2834 371 2904 teriorem,
448 2847 509 2891 et
566 2835 926 2889 ulteriorem
980 2827 1393 2887 dividebatul.
1465 2822 1728 2882 Taldius

35 2933 245 2979 autem
273 2917 453 3002 plane
497 2921 559 2978 in
597 2941 704 2979 sex
733 2918 1086 3000 provincias
1125 2915 1310 2975 fuisse
1344 2913 1601 2973 divisam
1640 2910 1728 2971 le-

40 3009 274 3091 gimuS,
322 3029 546 3091 nempe
584 3020 833 3092 praeter
887 3006 1133 3088 Ριὶοιεε
1179 3017 1343 3080 nes,
1413 3004 1476 3061 in
1524 3000 1727 3146 Ι(ι])ἰαι.·-1

834 3117 877 3154 α
924 3122 955 3160 2
1496 3099 1522 3145 t
1570 3110 1642 3145 a·
