1940 3672
1512 128 1583 140 n·-

635 128 1023 183 Ture-ora
1049 142 1124 178 m.
1510 131 1628 186 ool.

48 304 228 367 licem
261 303 636 389 reipublicae
653 300 1164 381 tranquillitatem
1183 344 1197 372 ‚
1226 298 1363 360 ideo
1390 302 1555 362 viros
1574 328 1721 387 pro-

52 393 165 455 bos
210 415 244 452 e
275 394 462 452 variis
506 390 709 470 regnis
747 390 900 447 sicut
925 402 1078 448 etex
1115 388 1436 470 Hungaria
1477 412 1730 452 consen-

46 502 117 541 su
157 483 437 563 Regum,
481 476 767 536 maximis
821 477 1112 557 praemiis
1172 474 1246 534 ad
1298 477 1638 538 ornandam
1667 497 1732 541 et

51 565 467 627 cultivandam
507 565 789 622 Russiam
833 578 1081 637 evocat,
1129 585 1230 623 eos
1280 566 1343 621 in
1397 587 1734 631 numerum

49 653 352 714 nobilium
388 651 719 726 adscribit3
786 653 1213 733 giganteisque
1258 653 1538 734 passibus
1590 677 1730 716 suos

49 739 323 802 subditos
356 742 420 797 in
468 742 637 798 omni
671 742 897 797 artium
920 760 1146 820 genere
1179 737 1330 799 adeo
1353 742 1636 818 excollit,
1661 758 1733 812 ut

49 830 225 889 brevi
267 829 503 886 cunctis
538 827 823 908 gentibus
864 827 1201 908 Europaeis
1261 826 1433 888 facile
1466 831 1731 913 palmam

46 918 401 1000 praeripere
426 912 750 975 videatur:
797 936 874 974 ex
908 913 1078 996 cujus
1096 912 1256 973 facto
1305 928 1474 997 patet
1532 940 1730 1002 quan-

49 1018 180 1065 tum
227 1003 422 1062 valeat
463 1001 641 1062 favor
681 1002 1020 1086 Principis,
1078 1001 1154 1063 ad
1217 1002 1515 1087 cujusque
1578 1030 1728 1090 gen-

53 1091 130 1150 tis
168 1090 489 1150 culturam.
528 1089 595 1170 a)

390 1559 968 1712 Caput
1097 1561 1382 1672 XII.

340 1911 652 1969 Exhibeas
700 1911 1062 1969 Historiam
1106 1913 1464 1974 Tarcorzcm.

57 2108 106 2185 ᾗ.
162 2106 212 2163 1.
264 2041 658 2173 &mistico
717 2107 1156 2183 Geogrczphica
1227 2111 1394 2165 notio
1456 2111 1736 2171 Tarciae.

59 2195 407 2256 Turcorum
446 2196 730 2257 meminit
775 2197 1145 2270 Pomponius
1189 2196 1463 2277 Melab)
1510 2198 1585 2257 ad
1622 2203 1742 2259 Ta-

58 2283 189 2341 nais
245 2284 543 2358 fluvium‚
596 2283 706 2343 ubi
749 2281 931 2342 silvas
972 2303 1220 2364 magnas
1277 2283 1744 2364 inhabitabant,

61 2366 124 2427 hi
155 2373 329 2432 annis
379 2374 629 2433 circiter
670 2383 917 2431 centum
949 2368 1030 2429 ab
1085 2371 1262 2430 obitu
1315 2375 1742 2454 Mahomedis,

61 2471 132 2516 ut
164 2458 486 2541 Scythicae
534 2470 744 2542 gentes
795 2480 909 2541 per
944 2472 1155 2541 portas
1186 2461 1429 2543 Caspias
1473 2478 1534 2524 et
1568 2487 1746 2525 mon-

63 2559 191 2606 tem
257 2550 593 2612 Caucasum
656 2548 884 2630 egressi
943 2545 1146 2625 sedem
1196 2565 1539 2633 posuerunt
1575 2555 1639 2610 in
1674 2577 1750 2616 eo

1476 2638 1662 2701 Asiae

134 2803 198 2874 a)
236 2804 313 2855 De
348 2805 650 2857 Russorum
669 2804 913 2857 Historia
958 2806 1100 2874 Lege
1134 2805 1471 2862 Stritterum.
1523 2812 1586 2862 In
1633 2831 1753 2865 me—

203 2874 380 2953 moria
412 2875 747 2946 populorum
776 2875 908 2927 olim
941 2875 1008 2928 ad
1049 2877 1361 2956 Danubium
1416 2889 1470 2932 et
1519 2882 1757 2936 Pontum

204 2944 935 3074 {uggnssffmggbfitagtign}‚
972 2945 1220 3018 prodivit
1252 2948 1550 3023 Petropoliq
1602 2950 1660 3025 h)
1692 2953 1761 3020 L.

215 3069 222 3072 .
478 3072 481 3073 ⁷
669 3052 684 3069 ο
756 3052 771 3071 ο
826 3052 841 3072 ο
914 3053 936 3076 0
