1940 3672
580 217 1308 292 Portu-gallorum.
1615 212 1691 268 55

118 401 464 482 relinquere
489 398 718 479 potuit:
767 392 936 475 quod
956 415 1169 451 rarum
1207 404 1312 450 aut
1346 388 1541 449 simile
1574 410 1781 450 exem-

114 488 286 569 plum
325 490 431 545 vix
468 487 527 543 in
566 483 857 540 Historiis
903 481 1108 562 legere
1139 493 1243 539 est.

267 575 310 651 §5-
359 579 412 631 4.
509 573 729 627 Status
761 572 931 627 Belli
977 581 1038 626 et
1077 568 1389 626 Memoria
1422 567 1784 638 Principum

110 664 381 717 virorum
426 660 492 714 in
547 659 961 734 Portugallia.
1054 656 1226 715 Sicut
1265 655 1561 736 Hispania
1602 654 1683 709 ita
1720 665 1782 709 et

107 744 515 827 Portugallia‚
561 747 729 803 victo
788 759 849 804 et
894 746 1122 804 occisso
1172 743 1392 802 ultimo
1433 737 1785 800 Gothorum

109 833 278 914 Rege
317 834 616 890 Roclerico
640 874 661 906 ‚
703 830 933 890 durum
971 835 1427 893 Saracenorum
1463 850 1568 888 seu
1604 828 1786 886 Mau-

111 940 331 978 rorum
398 917 614 1000 jugum
664 933 756 978 sat
808 917 914 977 diu
1006 917 1310 997 gemendo
1389 914 1600 975 subire
1671 913 1783 973 de-

112 1006 283 1080 buit3
373 1006 572 1065 donec
638 1004 887 1066 tandem
947 1004 1297 1065 felicissimo
1378 1016 1607 1062 eventu
1672 1004 1792 1060 Al-

96 1096 336 1170 phonso
413 1097 531 1152 VI.
614 1095 772 1174 Regi
838 1092 1125 1152 Castiliae
1188 1113 1256 1155 ac
1313 1091 1603 1170 Legionis
1657 1089 1790 1150 bel-

113 1182 241 1240 lum
304 1181 595 1241 adversus
651 1181 907 1240 Mauros
956 1179 1453 1240 cruentissimum
1512 1180 1794 1260 paranti,

112 1269 344 1329 auxilio
383 1272 648 1329 venisset
673 1292 750 1328 ex
775 1269 970 1327 Gallia
985 1282 1272 1328 strenuus
1298 1266 1589 1347 Princeps
1614 1268 1792 1322 Hen-

111 1359 278 1414 ricus
326 1357 470 1415 Dux
514 1354 991 1438 Lotharingiae‚
1039 1377 1226 1438 quem
1268 1356 1517 1435 egregia
1560 1355 1797 1411 virtute

116 1458 179 1503 et
199 1444 379 1503 simili
402 1444 649 1504 fortuna
681 1457 1055 1528 pugnantem
1075 1457 1290 1503 contra
1318 1443 1675 1512 SaracenOS,
1700 1461 1804 1498 re-

116 1547 550 1593 muneraturus
622 1535 980 1608 Alplwnsas
1048 1554 1222 1591 suam
1290 1527 1477 1589 filiam
1547 1526 1801 1587 notham

121 1622 476 1678 Ther-esiam
515 1619 716 1680 eidem
752 1623 815 1678 in
846 1642 1106 1680 uxorem
1134 1617 1303 1679 dedit
1327 1663 1342 1691 ,
1389 1631 1449 1677 et
1481 1616 1640 1676 dotis
1659 1615 1797 1673 loco

116 1707 428 1790 quidquid
474 1721 785 1768 terrarum
817 1722 964 1767 tunc
1000 1707 1332 1767 Christiani
1386 1707 1450 1763 in
1483 1702 1802 1784 Portugal-

114 1794 196 1853 lia
248 1810 590 1855 tenuerunt
639 1796 904 1855 contulit
976 1818 1046 1856 ea
1112 1794 1283 1877 legeg
1346 1806 1415 1852 ut
1478 1791 1802 1850 fiduciario

115 1879 251 1964 jure
301 1882 416 1942 sub
469 1883 749 1943 clientela
815 1884 1234 1966 Hispanorum
1297 1895 1485 1956 esset3
1550 1881 1804 1939 interim

118 1973 438 2028 Hem-icas
486 1967 583 2029 hic
630 1974 813 2030 1112.
860 1972 1166 2044 moriem,
1213 1972 1270 2030 ei
1311 1970 1600 2029 successit
1641 1964 1803 2025 filius

114 2058 442 2131 Aclolplzus
487 2060 537 2115 I.
586 2061 699 2139 qui
737 2081 799 2118 se
857 2060 1038 2118 initio
1092 2059 1327 2117 Ducem
1390 2055 1806 2139 Pol-tugalliae

121 2144 484 2227 appellavit:
533 2145 638 2216 sed
658 2159 984 2228 postquam
1016 2170 1064 2204 a.
1096 2149 1281 2207 1159.
1329 2145 1562 2225 ingenti
1620 2164 1806 2226 proe-

121 2230 204 2290 lio
253 2233 506 2291 Mauros
569 2236 631 2291 in
686 2254 904 2317 campo
959 2236 1307 2292 Oriehiensi
1357 2234 1806 2316 superavisset,

116 2319 341 2402 insigni
381 2321 640 2379 victoria
674 2336 893 2380 contra
933 2323 1220 2403 quinque
1267 2323 1637 2381 Maurorum
1678 2320 1804 2378 Re-

118 2427 259 2488 geS‚
306 2428 651 2490 eorumque
690 2410 875 2491 signis
910 2411 1176 2492 potitus,
1221 2410 1361 2469 Rex
1412 2408 1490 2466 ab
1525 2410 1804 2468 exercitu

113 2494 535 2570 salutabatur,
582 2519 714 2578 quo
751 2518 919 2556 novo
969 2497 1151 2557 titulo
1182 2511 1245 2557 et
1292 2517 1485 2579 regno
1534 2510 1804 2562 ornatus,

117 2603 266 2641 mox
310 2583 627 2666 complura
670 2584 932 2668 oppida,
980 2588 1106 2644 imo
1161 2587 1354 2668 ipsam
1403 2582 1807 2664 metropolim

130 2672 570 2746 Ugyssiponam
625 2694 740 2755 per
773 2675 968 2732 socios
1015 2693 1217 2732 sacrae
1268 2672 1524 2730 militiae
1570 2671 1810 2729 Mauris

121 2755 383 2830 ademit,
449 2762 1032 2840 scutaqueminora
1088 2761 1371 2841 quinque
1428 2760 1491 2816 in
1539 2758 1809 2838 Insignia

125 2843 534 2925 Portugalliae
593 2846 906 2905 transtulit
950 2849 1010 2905 in
1067 2868 1405 2927 perennem
1439 2847 1805 2904 memoriam

116 2930 499 2991 vexillorum
545 2935 828 3014 quinque
891 2933 1167 3013 Regibus
1214 2933 1622 2992 ademtorum.
1689 2934 1809 2990 Hic

115 3032 254 3097 post
299 3016 497 3078 felicia
541 3041 646 3080 sua
696 3020 886 3096 bella,
932 3023 1242 3082 novitium
1304 3042 1485 3080 suum
1523 3042 1810 3100 regnum,

1567 3108 1728 3166 mul-
