1940 3672
267 194 383 253 111‘4
838 201 1272 257 Historia

167 379 449 437 Barotzes
490 382 601 462 qui
646 382 852 438 Lords
898 379 1229 459 dicuntur3
1291 378 1435 441 dein
1498 393 1843 461 sequuntur

163 469 273 550 qui
309 466 479 527 nullo
526 467 708 528 titulo
745 483 886 528 sunt
931 472 1136 528 ornati
1178 468 1282 529 sed
1308 492 1341 526 a
1394 467 1700 528 nobilibus
1738 493 1847 551 pa-

162 557 440 617 rentibus
484 569 627 614 sunt
669 557 815 629 nati,
862 558 971 637 qui
1019 559 1367 615 Gentlemen
1417 555 1844 640 appellantur,

163 643 372 727 quales
404 655 545 702 sunt
577 646 886 703 Comitum
925 657 986 702 et
1045 643 1312 705 aliorum
1355 645 1666 704 dictorum
1720 643 1845 703 fra-

158 746 281 792 tres
319 743 424 789 aut
462 728 567 787 filii
615 744 765 788 natu
809 732 1115 804 minores,
1179 735 1288 815 qui
1352 733 1583 792 nullam
1625 731 1843 793 haere-

159 819 362 877 ditatis
409 831 649 899 partem
691 817 975 878 obtinent
991 843 1006 895 3
1054 823 1346 900 quoniam
1393 845 1462 881 ea
1515 820 1650 904 jure
1696 822 1845 880 Sco--

158 909 280 966 tico
322 904 892 965 conservandarum
940 904 1312 967 familiarum
1335 913 1562 991 gratia,
1610 909 1685 967 ad
1714 910 1847 991 pri-

161 995 503 1076 mogenitos
538 997 826 1075 pertinet.
876 997 1082 1053 Plebez·
1104 1010 1308 1056 autem
1350 1012 1489 1055 sunt
1524 1000 1688 1056 cives
1712 997 1844 1078 pri-

160 1084 339 1142 marii
384 1080 644 1156 divites,
694 1086 804 1165 qui
865 1086 1225 1166 magistratu
1282 1088 1346 1143 in
1394 1086 1650 1144 urbibus
1697 1085 1838 1142 fun-

160 1186 390 1254 guntur
415 1216 430 1245 ,
480 1171 628 1230 item
664 1187 1035 1232 mercatores
1068 1186 1130 1232 et
1170 1171 1452 1256 opifices,
1501 1174 1609 1256 qui
1658 1196 1691 1230 a
1736 1193 1846 1232 ve-

159 1259 480 1343 ctigalibus
522 1258 779 1341 aliisque
827 1261 1120 1321 oneribus
1174 1273 1316 1320 sunt
1355 1264 1687 1336 immune53
1735 1260 1847 1342 qui

162 1370 240 1408 ex
289 1346 543 1429 singulis
588 1349 941 1407 civitatibus
1006 1363 1128 1410 tres
1179 1350 1279 1410 vel
1325 1365 1593 1432 quatuor
1652 1349 1848 1430 depu-

162 1448 314 1496 tatos
361 1437 609 1495 mittere
655 1434 932 1495 solebant
997 1437 1065 1496 ad
1116 1437 1407 1497 ordinum
1455 1437 1849 1498 consultatio-

161 1545 319 1584 nem.
366 1523 561 1605 Leges
593 1522 994 1605 municipales
1034 1525 1223 1585 latine
1271 1528 1527 1608 scriptas
1567 1527 1844 1585 continet

162 1612 357 1685 liber,
405 1613 512 1693 qui
549 1611 796 1670 titulum
837 1611 1022 1673 habet
1062 1617 1271 1690 Regia
1307 1616 1663 1689 Majestas:
1713 1612 1847 1670 aliis

158 1701 368 1782 legum
395 1699 571 1760 libris
617 1701 857 1759 Scotica
895 1701 1104 1783 lingva
1145 1702 1505 1760 scribuntur
1545 1702 1845 1761 Comitio-

160 1811 302 1849 rum
357 1802 502 1848 acta.
594 1788 984 1871 Magistratus
1032 1803 1177 1846 sunt
1239 1788 1504 1862 diversi,
1572 1807 1845 1847 summus

161 1890 252 1938 est
282 1880 487 1955 Regni
517 1878 902 1935 Procurator
935 1879 1043 1958 qui
1093 1879 1155 1935 in
1186 1874 1431 1936 defectu
1464 1877 1654 1959 Regis
1695 1897 1844 1958 pro-

162 1966 395 2024 vincias
433 1963 847 2048 gubernabat.
897 1965 1001 2024 Est
1031 1966 1288 2024 Senatus
1323 1964 1673 2047 Edinburgi
1699 1966 1851 2024 Per-

165 2067 422 2137 petuus,
491 2049 662 2134 cujus
712 2054 960 2113 Praeses
1018 2065 1107 2113 est
1164 2053 1631 2113 Ecclesiasticus.
1723 2051 1847 2124 Qui

160 2144 376 2224 capitis
421 2138 653 2224 judicio
693 2155 933 2223 praeest
995 2156 1255 2201 vocatur
1309 2144 1590 2219 stffagmcs
1643 2142 1845 2227 ,Iasti-

162 2233 420 2302 tiarias5
455 2230 562 2311 qui
593 2231 684 2290 rei
720 2233 999 2289 nauticae
1026 2232 1450 2302 Admiralc'zcs5
1490 2231 1601 2311 qui
1633 2229 1847 2286 castris

157 2316 517 2377 ordinandis
536 2320 976 2391 Μανεεσαῖίιιε,
998 2321 1277 2397 quivero
1298 2317 1429 2377 aliis
1447 2317 1681 2376 delictis
1704 2317 1845 2374 vin-

158 2404 431 2463 dicandis
452 2420 692 2488 praeest
706 2407 1146 2464 Comzestabz‘lis
1166 2419 1444 2482 vocatur3
1461 2420 1601 2464 sunt
1618 2408 1678 2461 in
1698 2426 1844 2486 pro-

156 2495 376 2552 vinciis
402 2495 585 2552 etiam
610 2494 1085 2567 Vice-Comites²
1125 2516 1393 2575 quorum
1419 2494 1754 2552 auctoritas
1779 2494 1840 2551 in

161 2582 348 2640 rebus
371 2581 650 2642 civilibas
684 2584 948 2639 maxima
984 2597 1087 2648 est,
1113 2583 1400 2640 Civitates
1433 2580 1662 2639 habent
1700 2600 1850 2639 suos

166 2668 511 2729 Praefectos
555 2685 615 2729 et
668 2671 1095 2752 MagistratuS,
1157 2672 1268 2751 qui
1321 2672 1482 2728 cives
1534 2672 1595 2725 in
1646 2668 1842 2727 officio

161 2759 479 2816 continent
502 2803 517 2831 ,
564 2772 624 2817 et
668 2758 1306 2839 privilegiatuentur3
1339 2755 1479 2816 hinc
1516 2757 1842 2814 Scotorum

162 2844 510 2928 respublica
536 2845 616 2906 ob
644 2846 842 2927 legum
867 2848 1260 2905 Sanctitatem
1282 2859 1341 2904 et
1365 2846 1840 2925 Magistratuum

162 2936 582 2993 auctoritatem
627 2933 849 2994 florens
874 2980 888 3006 ,
935 2957 1230 2994 summam
1264 2947 1541 2992 meretur
1576 2928 1837 2995 laudem,

161 3020 315 3080 Sunt
340 3018 435 3082 hic
459 3023 666 3103 plures
702 3025 985 3098 Ducatus,
1033 3023 1387 3092 Comitatus,
1427 3032 1487 3081 et
1531 3020 1833 3079 Vice-Co-

1574 3120 1749 3167 mites
