<?xml version="1.0" encoding="UTF-8"?>
<!DOCTYPE html PUBLIC "-//W3C//DTD XHTML 1.0 Transitional//EN"
    "http://www.w3.org/TR/xhtml1/DTD/xhtml1-transitional.dtd">
<html xmlns="http://www.w3.org/1999/xhtml" xml:lang="en" lang="en">
 <head>
  <title>
</title>
<meta http-equiv="Content-Type" content="text/html;charset=utf-8" />
  <meta name='ocr-system' content='tesseract 3.04.00' />
  <meta name='ocr-capabilities' content='ocr_page ocr_carea ocr_par ocr_line ocrx_word'/>
</head>
<body>
  <div class='ocr_page' id='page_1' title='image "./historiauniversa03nagy_0417.png"; bbox 0 0 1940 3672; ppageno 0'>
   <div class='ocr_carea' id='block_1_1' title="bbox 592 166 1656 246">
    <p class='ocr_par' dir='ltr' id='par_1_1' title="bbox 592 166 1656 246">
     <span class='ocr_line' id='line_1_1' title="bbox 592 166 1656 246; baseline 0.001 -21"><span class='ocrx_word' id='word_1_1' title='bbox 592 170 1209 246; x_wconf 78' lang='lat' dir='ltr'>Huugarum.</span> <span class='ocrx_word' id='word_1_2' title='bbox 1532 166 1656 228; x_wconf 78' lang='grc'>595</span> 
     </span>
    </p>
   </div>
   <div class='ocr_carea' id='block_1_2' title="bbox 64 337 1760 2445">
    <p class='ocr_par' dir='ltr' id='par_1_2' title="bbox 67 337 1760 2084">
     <span class='ocr_line' id='line_1_2' title="bbox 67 337 1745 425; baseline 0 -24"><span class='ocrx_word' id='word_1_3' title='bbox 67 343 180 425; x_wconf 85' lang='lat' dir='ltr'>qui</span> <span class='ocrx_word' id='word_1_4' title='bbox 225 353 525 424; x_wconf 82' lang='lat' dir='ltr'>reguntur</span> <span class='ocrx_word' id='word_1_5' title='bbox 571 340 971 400; x_wconf 87' lang='lat' dir='ltr'>constitutum</span> <span class='ocrx_word' id='word_1_6' title='bbox 1026 362 1192 416; x_wconf 87' lang='lat' dir='ltr'>esse,</span> <span class='ocrx_word' id='word_1_7' title='bbox 1256 337 1392 400; x_wconf 90' lang='lat' dir='ltr'>ideo</span> <span class='ocrx_word' id='word_1_8' title='bbox 1453 353 1590 422; x_wconf 80' lang='lat' dir='ltr'>post</span> <span class='ocrx_word' id='word_1_9' title='bbox 1647 361 1745 401; x_wconf 86' lang='lat' dir='ltr'>ac·</span> 
     </span>
     <span class='ocr_line' id='line_1_3' title="bbox 71 427 1747 513; baseline -0.001 -24"><span class='ocrx_word' id='word_1_10' title='bbox 71 441 319 513; x_wconf 85' lang='lat' dir='ltr'>ceptum</span> <span class='ocrx_word' id='word_1_11' title='bbox 362 428 602 510; x_wconf 81' lang='lat' dir='ltr'>Regalis</span> <span class='ocrx_word' id='word_1_12' title='bbox 648 427 1043 488; x_wconf 78' lang='lat' dir='ltr'>excellentiae</span> <span class='ocrx_word' id='word_1_13' title='bbox 1072 432 1350 510; x_wconf 79' lang='lat' dir='ltr'>signum,</span> <span class='ocrx_word' id='word_1_14' title='bbox 1420 448 1561 487; x_wconf 89' lang='lat' dir='ltr'>cum</span> <span class='ocrx_word' id='word_1_15' title='bbox 1600 429 1747 510; x_wconf 84' lang='lat' dir='ltr'>Epi-</span> 
     </span>
     <span class='ocr_line' id='line_1_4' title="bbox 74 514 1751 598; baseline 0 -23"><span class='ocrx_word' id='word_1_16' title='bbox 74 519 271 598; x_wconf 89' lang='lat' dir='ltr'>scopis</span> <span class='ocrx_word' id='word_1_17' title='bbox 322 530 384 577; x_wconf 85' lang='lat' dir='ltr'>et</span> <span class='ocrx_word' id='word_1_18' title='bbox 436 514 808 577; x_wconf 84' lang='lat' dir='ltr'>Primatibus</span> <span class='ocrx_word' id='word_1_19' title='bbox 859 516 1218 596; x_wconf 82' lang='lat' dir='ltr'>Hungariae</span> <span class='ocrx_word' id='word_1_20' title='bbox 1269 528 1562 575; x_wconf 87' lang='lat' dir='ltr'>statutum</span> <span class='ocrx_word' id='word_1_21' title='bbox 1615 539 1649 573; x_wconf 91' lang='lat' dir='ltr'>a</span> <span class='ocrx_word' id='word_1_22' title='bbox 1686 537 1751 575; x_wconf 88' lang='lat' dir='ltr'>se</span> 
     </span>
     <span class='ocr_line' id='line_1_5' title="bbox 71 600 1751 684; baseline 0.001 -22"><span class='ocrx_word' id='word_1_23' title='bbox 71 605 406 662; x_wconf 82' lang='lat' dir='ltr'>Decretum</span> <span class='ocrx_word' id='word_1_24' title='bbox 452 605 840 662; x_wconf 76' lang='lat' dir='ltr'>manifestum</span> <span class='ocrx_word' id='word_1_25' title='bbox 883 600 1044 660; x_wconf 85' lang='lat' dir='ltr'>fecit.</span> <span class='ocrx_word' id='word_1_26' title='bbox 1109 605 1422 663; x_wconf 88' lang='lat' dir='ltr'>Novitiam</span> <span class='ocrx_word' id='word_1_27' title='bbox 1473 602 1751 684; x_wconf 79' lang='lat' dir='ltr'>Religio-</span> 
     </span>
     <span class='ocr_line' id='line_1_6' title="bbox 72 687 1749 773; baseline -0.001 -25"><span class='ocrx_word' id='word_1_28' title='bbox 72 713 214 750; x_wconf 87' lang='lat' dir='ltr'>nem</span> <span class='ocrx_word' id='word_1_29' title='bbox 248 690 610 750; x_wconf 87' lang='lat' dir='ltr'>salutaribus</span> <span class='ocrx_word' id='word_1_30' title='bbox 649 687 980 772; x_wconf 87' lang='lat' dir='ltr'>disciplinis</span> <span class='ocrx_word' id='word_1_31' title='bbox 1017 688 1299 765; x_wconf 81' lang='lat' dir='ltr'>firmans,</span> <span class='ocrx_word' id='word_1_32' title='bbox 1342 690 1552 751; x_wconf 85' lang='lat' dir='ltr'>decem</span> <span class='ocrx_word' id='word_1_33' title='bbox 1601 692 1749 773; x_wconf 88' lang='lat' dir='ltr'>Epi—-</span> 
     </span>
     <span class='ocr_line' id='line_1_7' title="bbox 72 777 1749 860; baseline -0.001 -25"><span class='ocrx_word' id='word_1_34' title='bbox 72 793 352 860; x_wconf 83' lang='lat' dir='ltr'>scopatus</span> <span class='ocrx_word' id='word_1_35' title='bbox 389 777 698 850; x_wconf 85' lang='lat' dir='ltr'>fundavit,</span> <span class='ocrx_word' id='word_1_36' title='bbox 747 778 1036 836; x_wconf 86' lang='lat' dir='ltr'>Ecclesias</span> <span class='ocrx_word' id='word_1_37' title='bbox 1067 781 1301 848; x_wconf 76' lang='lat' dir='ltr'>erexit,</span> <span class='ocrx_word' id='word_1_38' title='bbox 1347 800 1572 859; x_wconf 84' lang='lat' dir='ltr'>easque</span> <span class='ocrx_word' id='word_1_39' title='bbox 1613 800 1749 834; x_wconf 90' lang='lat' dir='ltr'>am-</span> 
     </span>
     <span class='ocr_line' id='line_1_8' title="bbox 73 864 1751 950; baseline -0.001 -25"><span class='ocrx_word' id='word_1_40' title='bbox 73 865 355 950; x_wconf 80' lang='lat' dir='ltr'>plissimis</span> <span class='ocrx_word' id='word_1_41' title='bbox 412 864 586 924; x_wconf 86' lang='lat' dir='ltr'>honis</span> <span class='ocrx_word' id='word_1_42' title='bbox 632 865 866 924; x_wconf 82' lang='lat' dir='ltr'><strong>ditavit.</strong></span> <span class='ocrx_word' id='word_1_43' title='bbox 943 865 1074 922; x_wconf 87' lang='lat' dir='ltr'>Sub</span> <span class='ocrx_word' id='word_1_44' title='bbox 1111 889 1184 925; x_wconf 87' lang='lat' dir='ltr'>eo</span> <span class='ocrx_word' id='word_1_45' title='bbox 1233 866 1455 924; x_wconf 85' lang='lat' dir='ltr'>Forma</span> <span class='ocrx_word' id='word_1_46' title='bbox 1501 867 1751 946; x_wconf 77' lang='lat' dir='ltr'>regimi-</span> 
     </span>
     <span class='ocr_line' id='line_1_9' title="bbox 73 951 1751 1030; baseline -0.001 -18"><span class='ocrx_word' id='word_1_47' title='bbox 73 956 168 1012; x_wconf 87' lang='lat' dir='ltr'>nis</span> <span class='ocrx_word' id='word_1_48' title='bbox 220 951 612 1012; x_wconf 79' lang='lat' dir='ltr'>Monarchica</span> <span class='ocrx_word' id='word_1_49' title='bbox 667 975 777 1030; x_wconf 80' lang='lat' dir='ltr'>suo</span> <span class='ocrx_word' id='word_1_50' title='bbox 820 952 1005 1011; x_wconf 88' lang='lat' dir='ltr'>modo</span> <span class='ocrx_word' id='word_1_51' title='bbox 1055 953 1316 1012; x_wconf 82' lang='lat' dir='ltr'>limitata</span> <span class='ocrx_word' id='word_1_52' title='bbox 1364 953 1604 1011; x_wconf 80' lang='lat' dir='ltr'>firmata</span> <span class='ocrx_word' id='word_1_53' title='bbox 1661 965 1751 1012; x_wconf 87' lang='lat' dir='ltr'>est</span> 
     </span>
     <span class='ocr_line' id='line_1_10' title="bbox 71 1039 1753 1124; baseline -0.001 -24"><span class='ocrx_word' id='word_1_54' title='bbox 71 1041 836 1100; x_wconf 72' lang='lat' dir='ltr'>Haereditario—Electiva:</span> <span class='ocrx_word' id='word_1_55' title='bbox 883 1060 1150 1123; x_wconf 85' lang='lat' dir='ltr'>cumque</span> <span class='ocrx_word' id='word_1_56' title='bbox 1188 1039 1324 1124; x_wconf 86' lang='lat' dir='ltr'>jura</span> <span class='ocrx_word' id='word_1_57' title='bbox 1383 1040 1753 1121; x_wconf 85' lang='lat' dir='ltr'>Majest-atica</span> 
     </span>
     <span class='ocr_line' id='line_1_11' title="bbox 71 1126 1752 1213; baseline -0.001 -25"><span class='ocrx_word' id='word_1_58' title='bbox 71 1128 183 1188; x_wconf 91' lang='lat' dir='ltr'>soli</span> <span class='ocrx_word' id='word_1_59' title='bbox 215 1129 346 1209; x_wconf 81' lang='lat' dir='ltr'>regi</span> <span class='ocrx_word' id='word_1_60' title='bbox 395 1127 700 1188; x_wconf 86' lang='lat' dir='ltr'>vindicata</span> <span class='ocrx_word' id='word_1_61' title='bbox 742 1127 1032 1203; x_wconf 74' lang='lat' dir='ltr'>fuissent,</span> <span class='ocrx_word' id='word_1_62' title='bbox 1079 1151 1204 1213; x_wconf 88' lang='lat' dir='ltr'>quo</span> <span class='ocrx_word' id='word_1_63' title='bbox 1233 1127 1309 1186; x_wconf 87' lang='lat' dir='ltr'>ad</span> <span class='ocrx_word' id='word_1_64' title='bbox 1340 1126 1608 1211; x_wconf 85' lang='lat' dir='ltr'>justitiae</span> <span class='ocrx_word' id='word_1_65' title='bbox 1647 1127 1752 1186; x_wconf 87' lang='lat' dir='ltr'>ad·-</span> 
     </span>
     <span class='ocr_line' id='line_1_12' title="bbox 69 1215 1748 1299; baseline 0.001 -25"><span class='ocrx_word' id='word_1_66' title='bbox 69 1216 588 1277; x_wconf 87' lang='lat' dir='ltr'>ministrationem</span> <span class='ocrx_word' id='word_1_67' title='bbox 627 1216 867 1276; x_wconf 86' lang='lat' dir='ltr'>Judicia</span> <span class='ocrx_word' id='word_1_68' title='bbox 907 1230 1032 1275; x_wconf 89' lang='lat' dir='ltr'>tam</span> <span class='ocrx_word' id='word_1_69' title='bbox 1069 1219 1132 1277; x_wconf 90' lang='lat' dir='ltr'>in</span> <span class='ocrx_word' id='word_1_70' title='bbox 1177 1215 1337 1276; x_wconf 92' lang='lat' dir='ltr'>Aula</span> <span class='ocrx_word' id='word_1_71' title='bbox 1369 1237 1511 1290; x_wconf 88' lang='lat' dir='ltr'>sua,</span> <span class='ocrx_word' id='word_1_72' title='bbox 1559 1238 1748 1299; x_wconf 87' lang='lat' dir='ltr'>quam</span> 
     </span>
     <span class='ocr_line' id='line_1_13' title="bbox 71 1303 1752 1386; baseline 0.001 -25"><span class='ocrx_word' id='word_1_73' title='bbox 71 1306 134 1361; x_wconf 88' lang='lat' dir='ltr'>in</span> <span class='ocrx_word' id='word_1_74' title='bbox 173 1303 582 1364; x_wconf 87' lang='lat' dir='ltr'>Comitatibus</span> <span class='ocrx_word' id='word_1_75' title='bbox 625 1306 958 1364; x_wconf 88' lang='lat' dir='ltr'>constituit.</span> <span class='ocrx_word' id='word_1_76' title='bbox 1031 1305 1362 1365; x_wconf 88' lang='lat' dir='ltr'>Politicum</span> <span class='ocrx_word' id='word_1_77' title='bbox 1407 1307 1584 1386; x_wconf 82' lang='lat' dir='ltr'>regni</span> <span class='ocrx_word' id='word_1_78' title='bbox 1629 1317 1752 1364; x_wconf 89' lang='lat' dir='ltr'>sta-</span> 
     </span>
     <span class='ocr_line' id='line_1_14' title="bbox 67 1391 1757 1476; baseline 0.002 -28"><span class='ocrx_word' id='word_1_79' title='bbox 67 1402 201 1450; x_wconf 83' lang='lat' dir='ltr'>tum</span> <span class='ocrx_word' id='word_1_80' title='bbox 225 1414 346 1475; x_wconf 22' lang='lat' dir='ltr'>*per</span> <span class='ocrx_word' id='word_1_81' title='bbox 392 1394 644 1451; x_wconf 83' lang='lat' dir='ltr'>nimiam</span> <span class='ocrx_word' id='word_1_82' title='bbox 685 1393 1162 1474; x_wconf 87' lang='lat' dir='ltr'>Capitaneorum</span> <span class='ocrx_word' id='word_1_83' title='bbox 1207 1394 1548 1476; x_wconf 88' lang='lat' dir='ltr'>potentiam</span> <span class='ocrx_word' id='word_1_84' title='bbox 1586 1391 1757 1452; x_wconf 83' lang='lat' dir='ltr'>labe-</span> 
     </span>
     <span class='ocr_line' id='line_1_15' title="bbox 69 1476 1755 1561; baseline 0.001 -25"><span class='ocrx_word' id='word_1_85' title='bbox 69 1476 365 1538; x_wconf 82' lang='lat' dir='ltr'>factatum</span> <span class='ocrx_word' id='word_1_86' title='bbox 385 1483 789 1554; x_wconf 82' lang='lat' dir='ltr'>restauravit,</span> <span class='ocrx_word' id='word_1_87' title='bbox 830 1481 992 1540; x_wconf 88' lang='lat' dir='ltr'>bona</span> <span class='ocrx_word' id='word_1_88' title='bbox 1024 1483 1088 1539; x_wconf 89' lang='lat' dir='ltr'>in</span> <span class='ocrx_word' id='word_1_89' title='bbox 1127 1483 1398 1539; x_wconf 84' lang='lat' dir='ltr'>minores</span> <span class='ocrx_word' id='word_1_90' title='bbox 1440 1481 1755 1561; x_wconf 84' lang='lat' dir='ltr'>portiones</span> 
     </span>
     <span class='ocr_line' id='line_1_16' title="bbox 69 1565 1757 1644; baseline 0.001 -20"><span class='ocrx_word' id='word_1_91' title='bbox 69 1565 438 1644; x_wconf 77' lang='lat' dir='ltr'>dividend03</span> <span class='ocrx_word' id='word_1_92' title='bbox 525 1565 685 1626; x_wconf 85' lang='lat' dir='ltr'>bona</span> <span class='ocrx_word' id='word_1_93' title='bbox 735 1589 888 1628; x_wconf 86' lang='lat' dir='ltr'>vero</span> <span class='ocrx_word' id='word_1_94' title='bbox 938 1568 1262 1627; x_wconf 89' lang='lat' dir='ltr'>Coronalia</span> <span class='ocrx_word' id='word_1_95' title='bbox 1309 1579 1370 1627; x_wconf 89' lang='lat' dir='ltr'>et</span> <span class='ocrx_word' id='word_1_96' title='bbox 1416 1567 1757 1627; x_wconf 87' lang='lat' dir='ltr'>Cameralia</span> 
     </span>
     <span class='ocr_line' id='line_1_17' title="bbox 70 1654 1755 1736; baseline 0.001 -23"><span class='ocrx_word' id='word_1_97' title='bbox 70 1654 299 1736; x_wconf 81' lang='lat' dir='ltr'>Regiae</span> <span class='ocrx_word' id='word_1_98' title='bbox 348 1655 609 1715; x_wconf 85' lang='lat' dir='ltr'>familiae</span> <span class='ocrx_word' id='word_1_99' title='bbox 649 1655 1007 1731; x_wconf 84' lang='lat' dir='ltr'>asserendo3</span> <span class='ocrx_word' id='word_1_100' title='bbox 1073 1657 1360 1716; x_wconf 82' lang='lat' dir='ltr'>Militiam</span> <span class='ocrx_word' id='word_1_101' title='bbox 1398 1659 1755 1736; x_wconf 80' lang='lat' dir='ltr'>organisan-</span> 
     </span>
     <span class='ocr_line' id='line_1_18' title="bbox 82 1740 1760 1804; baseline 0.002 -4"><span class='ocrx_word' id='word_1_102' title='bbox 82 1740 163 1801; x_wconf 89' lang='lat' dir='ltr'>do</span> <span class='ocrx_word' id='word_1_103' title='bbox 205 1745 267 1801; x_wconf 90' lang='lat' dir='ltr'>in</span> <span class='ocrx_word' id='word_1_104' title='bbox 302 1743 697 1803; x_wconf 83' lang='lat' dir='ltr'>Ordinariam</span> <span class='ocrx_word' id='word_1_105' title='bbox 737 1759 798 1803; x_wconf 90' lang='lat' dir='ltr'>et</span> <span class='ocrx_word' id='word_1_106' title='bbox 821 1743 1389 1803; x_wconf 80' lang='lat' dir='ltr'>Extraordinariam</span> <span class='ocrx_word' id='word_1_107' title='bbox 1428 1764 1530 1804; x_wconf 90' lang='lat' dir='ltr'>seu</span> <span class='ocrx_word' id='word_1_108' title='bbox 1549 1744 1760 1803; x_wconf 83' lang='lat' dir='ltr'>Insur-</span> 
     </span>
     <span class='ocr_line' id='line_1_19' title="bbox 73 1830 1752 1913; baseline 0.002 -26"><span class='ocrx_word' id='word_1_109' title='bbox 73 1842 318 1912; x_wconf 83' lang='lat' dir='ltr'>gente8‚</span> <span class='ocrx_word' id='word_1_110' title='bbox 364 1833 510 1891; x_wconf 91' lang='lat' dir='ltr'>item</span> <span class='ocrx_word' id='word_1_111' title='bbox 547 1830 965 1891; x_wconf 85' lang='lat' dir='ltr'>Praedialistas</span> <span class='ocrx_word' id='word_1_112' title='bbox 993 1846 1054 1890; x_wconf 90' lang='lat' dir='ltr'>et</span> <span class='ocrx_word' id='word_1_113' title='bbox 1098 1830 1429 1892; x_wconf 80' lang='lat' dir='ltr'>Banderia:</span> <span class='ocrx_word' id='word_1_114' title='bbox 1479 1853 1752 1913; x_wconf 84' lang='lat' dir='ltr'>quorum</span> 
     </span>
     <span class='ocr_line' id='line_1_20' title="bbox 73 1918 1755 2003; baseline 0.003 -29"><span class='ocrx_word' id='word_1_115' title='bbox 73 1918 429 1977; x_wconf 81' lang='lat' dir='ltr'>victricibus</span> <span class='ocrx_word' id='word_1_116' title='bbox 454 1920 638 1978; x_wconf 83' lang='lat' dir='ltr'>armis</span> <span class='ocrx_word' id='word_1_117' title='bbox 672 1919 994 2003; x_wconf 87' lang='lat' dir='ltr'>complura</span> <span class='ocrx_word' id='word_1_118' title='bbox 1029 1919 1188 1980; x_wconf 83' lang='lat' dir='ltr'>bella</span> <span class='ocrx_word' id='word_1_119' title='bbox 1222 1940 1439 2002; x_wconf 83' lang='lat' dir='ltr'>gerens</span> <span class='ocrx_word' id='word_1_120' title='bbox 1473 1934 1755 1980; x_wconf 89' lang='lat' dir='ltr'>mortuus</span> 
     </span>
     <span class='ocr_line' id='line_1_21' title="bbox 70 2006 519 2084; baseline -0.002 -19"><span class='ocrx_word' id='word_1_121' title='bbox 70 2019 160 2065; x_wconf 85' lang='lat' dir='ltr'>est</span> <span class='ocrx_word' id='word_1_122' title='bbox 213 2007 396 2066; x_wconf 82' lang='lat'><strong>1058.</strong></span> <span class='ocrx_word' id='word_1_123' title='bbox 435 2006 519 2084; x_wconf 82' lang='lat' dir='ltr'>a)</span> 
     </span>
    </p>

    <p class='ocr_par' dir='ltr' id='par_1_3' title="bbox 64 2094 1756 2445">
     <span class='ocr_line' id='line_1_22' title="bbox 248 2094 1756 2179; baseline 0.001 -28"><span class='ocrx_word' id='word_1_124' title='bbox 248 2096 476 2154; x_wconf 76' lang='lat' dir='ltr'>Petrus</span> <span class='ocrx_word' id='word_1_125' title='bbox 506 2096 779 2155; x_wconf 83' lang='lat' dir='ltr'>Venetus</span> <span class='ocrx_word' id='word_1_126' title='bbox 814 2108 918 2154; x_wconf 82' lang='lat' dir='ltr'>aut</span> <span class='ocrx_word' id='word_1_127' title='bbox 942 2094 1311 2179; x_wconf 81' lang='lat' dir='ltr'>Burgundus</span> <span class='ocrx_word' id='word_1_128' title='bbox 1333 2095 1579 2155; x_wconf 83' lang='lat' dir='ltr'>Sororis</span> <span class='ocrx_word' id='word_1_129' title='bbox 1612 2098 1756 2153; x_wconf 77' lang='lat' dir='ltr'>Ste-</span> 
     </span>
     <span class='ocr_line' id='line_1_23' title="bbox 64 2181 1752 2266; baseline 0.003 -28"><span class='ocrx_word' id='word_1_130' title='bbox 64 2182 274 2258; x_wconf 75' lang='lat' dir='ltr'>phani</span> <span class='ocrx_word' id='word_1_131' title='bbox 334 2185 573 2241; x_wconf 83' lang='lat' dir='ltr'>Giselae</span> <span class='ocrx_word' id='word_1_132' title='bbox 618 2181 807 2257; x_wconf 85' lang='lat' dir='ltr'>filius,</span> <span class='ocrx_word' id='word_1_133' title='bbox 856 2183 1166 2266; x_wconf 81' lang='lat' dir='ltr'>Hungaris</span> <span class='ocrx_word' id='word_1_134' title='bbox 1215 2205 1360 2242; x_wconf 78' lang='lat' dir='ltr'>mox</span> <span class='ocrx_word' id='word_1_135' title='bbox 1407 2195 1475 2241; x_wconf 81' lang='lat' dir='ltr'>ut</span> <span class='ocrx_word' id='word_1_136' title='bbox 1523 2183 1752 2244; x_wconf 89' lang='lat' dir='ltr'>electus</span> 
     </span>
     <span class='ocr_line' id='line_1_24' title="bbox 71 2270 1754 2354; baseline 0.001 -26"><span class='ocrx_word' id='word_1_137' title='bbox 71 2282 206 2328; x_wconf 84' lang='lat' dir='ltr'>erat</span> <span class='ocrx_word' id='word_1_138' title='bbox 245 2272 448 2352; x_wconf 82' lang='lat' dir='ltr'>gravis</span> <span class='ocrx_word' id='word_1_139' title='bbox 486 2292 613 2331; x_wconf 89' lang='lat' dir='ltr'>esse</span> <span class='ocrx_word' id='word_1_140' title='bbox 650 2273 855 2354; x_wconf 86' lang='lat' dir='ltr'>coepit</span> <span class='ocrx_word' id='word_1_141' title='bbox 889 2271 1071 2332; x_wconf 88' lang='lat' dir='ltr'>adeo:</span> <span class='ocrx_word' id='word_1_142' title='bbox 1137 2285 1206 2332; x_wconf 91' lang='lat' dir='ltr'>ut</span> <span class='ocrx_word' id='word_1_143' title='bbox 1244 2271 1325 2331; x_wconf 87' lang='lat' dir='ltr'>ob</span> <span class='ocrx_word' id='word_1_144' title='bbox 1364 2270 1754 2331; x_wconf 85' lang='lat' dir='ltr'>libidinosam</span> 
     </span>
     <span class='ocr_line' id='line_1_25' title="bbox 72 2357 1754 2445; baseline 0.001 -30"><span class='ocrx_word' id='word_1_145' title='bbox 72 2357 302 2433; x_wconf 81' lang='lat' dir='ltr'>vitam,</span> <span class='ocrx_word' id='word_1_146' title='bbox 345 2371 771 2443; x_wconf 83' lang='lat' dir='ltr'>contemptum</span> <span class='ocrx_word' id='word_1_147' title='bbox 793 2357 1055 2443; x_wconf 84' lang='lat' dir='ltr'>jurium,</span> <span class='ocrx_word' id='word_1_148' title='bbox 1103 2361 1568 2445; x_wconf 83' lang='lat' dir='ltr'>neglectamque</span> <span class='ocrx_word' id='word_1_149' title='bbox 1608 2361 1754 2420; x_wconf 84' lang='lat' dir='ltr'>Rei-</span> 
     </span>
    </p>
   </div>
   <div class='ocr_carea' id='block_1_3' title="bbox 1456 2447 1672 2532">
    <p class='ocr_par' dir='ltr' id='par_1_4' title="bbox 1456 2447 1672 2532">
     <span class='ocr_line' id='line_1_26' title="bbox 1456 2447 1672 2532; baseline -0.009 -25"><span class='ocrx_word' id='word_1_150' title='bbox 1456 2447 1672 2532; x_wconf 86' lang='lat' dir='ltr'>publi-</span> 
     </span>
    </p>
   </div>
   <div class='ocr_carea' id='block_1_4' title="bbox 73 2535 389 2551">
    <p class='ocr_par' dir='ltr' id='par_1_5' title="bbox 73 2535 389 2551">
     <span class='ocr_line' id='line_1_27' title="bbox 73 2535 389 2551; baseline 0 0"><span class='ocrx_word' id='word_1_151' title='bbox 73 2535 389 2551; x_wconf 95' lang='lat' dir='ltr'> </span> 
     </span>
    </p>
   </div>
   <div class='ocr_carea' id='block_1_5' title="bbox 143 2615 1760 2964">
    <p class='ocr_par' dir='ltr' id='par_1_6' title="bbox 143 2615 1760 2899">
     <span class='ocr_line' id='line_1_28' title="bbox 143 2615 1760 2691; baseline 0.001 -25"><span class='ocrx_word' id='word_1_152' title='bbox 143 2620 213 2681; x_wconf 83' lang='lat' dir='ltr'>a)</span> <span class='ocrx_word' id='word_1_153' title='bbox 253 2615 588 2669; x_wconf 83' lang='lat' dir='ltr'>Carthuitius</span> <span class='ocrx_word' id='word_1_154' title='bbox 629 2620 685 2670; x_wconf 87' lang='lat' dir='ltr'>in</span> <span class='ocrx_word' id='word_1_155' title='bbox 722 2621 848 2673; x_wconf 83' lang='lat' dir='ltr'>Vita</span> <span class='ocrx_word' id='word_1_156' title='bbox 894 2619 949 2673; x_wconf 88' lang='lat' dir='ltr'>S.</span> <span class='ocrx_word' id='word_1_157' title='bbox 988 2618 1270 2691; x_wconf 80' lang='lat' dir='ltr'>Stephani.</span> <span class='ocrx_word' id='word_1_158' title='bbox 1309 2620 1569 2674; x_wconf 77' lang='lat' dir='ltr'>Herman.</span> <span class='ocrx_word' id='word_1_159' title='bbox 1613 2617 1760 2669; x_wconf 90' lang='lat' dir='ltr'>Con-</span> 
     </span>
     <span class='ocr_line' id='line_1_29' title="bbox 210 2687 1760 2757; baseline 0.004 -22"><span class='ocrx_word' id='word_1_160' title='bbox 210 2694 434 2738; x_wconf 76' lang='lat' dir='ltr'>tractus·</span> <span class='ocrx_word' id='word_1_161' title='bbox 468 2706 514 2738; x_wconf 72' lang='lat' dir='ltr'>aa</span> <span class='ocrx_word' id='word_1_162' title='bbox 570 2687 720 2742; x_wconf 80' lang='lat'><strong>1038.</strong></span> <span class='ocrx_word' id='word_1_163' title='bbox 756 2692 935 2743; x_wconf 87' lang='lat' dir='ltr'>Belius</span> <span class='ocrx_word' id='word_1_164' title='bbox 975 2691 1032 2743; x_wconf 87' lang='lat' dir='ltr'>in</span> <span class='ocrx_word' id='word_1_165' title='bbox 1077 2700 1188 2742; x_wconf 83' lang='lat' dir='ltr'>not.</span> <span class='ocrx_word' id='word_1_166' title='bbox 1225 2692 1404 2757; x_wconf 81' lang='lat' dir='ltr'>Hung.</span> <span class='ocrx_word' id='word_1_167' title='bbox 1441 2689 1508 2741; x_wconf 83' lang='lat' dir='ltr'>T.</span> <span class='ocrx_word' id='word_1_168' title='bbox 1560 2689 1598 2740; x_wconf 92' lang='grc' dir='ltr'>Ι.</span> <span class='ocrx_word' id='word_1_169' title='bbox 1647 2692 1760 2741; x_wconf 86' lang='lat' dir='ltr'>De-</span> 
     </span>
     <span class='ocr_line' id='line_1_30' title="bbox 213 2758 1760 2832; baseline 0.004 -28"><span class='ocrx_word' id='word_1_170' title='bbox 213 2765 488 2807; x_wconf 84' lang='lat' dir='ltr'>cretorum</span> <span class='ocrx_word' id='word_1_171' title='bbox 521 2758 585 2812; x_wconf 89' lang='lat' dir='ltr'>L.</span> <span class='ocrx_word' id='word_1_172' title='bbox 621 2760 729 2812; x_wconf 85' lang='lat' dir='ltr'>duo</span> <span class='ocrx_word' id='word_1_173' title='bbox 775 2761 828 2813; x_wconf 87' lang='lat' dir='ltr'>S.</span> <span class='ocrx_word' id='word_1_174' title='bbox 864 2761 1144 2832; x_wconf 79' lang='lat' dir='ltr'>Stephani.</span> <span class='ocrx_word' id='word_1_175' title='bbox 1180 2762 1255 2812; x_wconf 84' lang='lat' dir='ltr'>De</span> <span class='ocrx_word' id='word_1_176' title='bbox 1299 2762 1416 2813; x_wconf 83' lang='lat' dir='ltr'>aliis</span> <span class='ocrx_word' id='word_1_177' title='bbox 1451 2769 1632 2809; x_wconf 82' lang='lat' dir='ltr'>autem</span> <span class='ocrx_word' id='word_1_178' title='bbox 1674 2777 1760 2810; x_wconf 87' lang='lat' dir='ltr'>se-</span> 
     </span>
     <span class='ocr_line' id='line_1_31' title="bbox 224 2826 1754 2899; baseline 0.003 -25"><span class='ocrx_word' id='word_1_179' title='bbox 224 2826 515 2894; x_wconf 85' lang='lat' dir='ltr'>quentibus</span> <span class='ocrx_word' id='word_1_180' title='bbox 563 2831 784 2897; x_wconf 82' lang='lat' dir='ltr'>regibus</span> <span class='ocrx_word' id='word_1_181' title='bbox 839 2832 963 2883; x_wconf 86' lang='lat' dir='ltr'>vide</span> <span class='ocrx_word' id='word_1_182' title='bbox 1026 2832 1279 2899; x_wconf 78' lang='lat' dir='ltr'>antiquos</span> <span class='ocrx_word' id='word_1_183' title='bbox 1325 2840 1379 2882; x_wconf 89' lang='lat' dir='ltr'>et</span> <span class='ocrx_word' id='word_1_184' title='bbox 1429 2829 1754 2880; x_wconf 84' lang='lat' dir='ltr'>recentiores</span> 
     </span>
    </p>

    <p class='ocr_par' dir='ltr' id='par_1_7' title="bbox 161 2895 1757 2964">
     <span class='ocr_line' id='line_1_32' title="bbox 161 2895 1757 2964; baseline -0.001 -15"><span class='ocrx_word' id='word_1_185' title='bbox 161 2945 164 2949; x_wconf 91' lang='lat'>.</span> <span class='ocrx_word' id='word_1_186' title='bbox 221 2895 531 2964; x_wconf 76' lang='lat' dir='ltr'>scriptores,</span> <span class='ocrx_word' id='word_1_187' title='bbox 562 2900 643 2949; x_wconf 78' lang='lat' dir='ltr'>uti</span> <span class='ocrx_word' id='word_1_188' title='bbox 675 2899 1027 2953; x_wconf 85' lang='lat' dir='ltr'>Turoczium.</span> <span class='ocrx_word' id='word_1_189' title='bbox 1063 2900 1391 2954; x_wconf 83' lang='lat' dir='ltr'>Bonfinium.</span> <span class='ocrx_word' id='word_1_190' title='bbox 1425 2897 1757 2951; x_wconf 80' lang='lat' dir='ltr'>Istvanfium.</span> 
     </span>
    </p>
   </div>
   <div class='ocr_carea' id='block_1_6' title="bbox 214 2964 1758 3103">
    <p class='ocr_par' dir='ltr' id='par_1_8' title="bbox 214 2964 1758 3103">
     <span class='ocr_line' id='line_1_33' title="bbox 216 2964 1758 3040; baseline 0.008 -28"><span class='ocrx_word' id='word_1_191' title='bbox 216 2964 470 3016; x_wconf 82' lang='lat' dir='ltr'>Palmam.</span> <span class='ocrx_word' id='word_1_192' title='bbox 538 2968 771 3023; x_wconf 79' lang='lat' dir='ltr'>Katona.</span> <span class='ocrx_word' id='word_1_193' title='bbox 854 2973 1012 3040; x_wconf 80' lang='lat' dir='ltr'>Pray.</span> <span class='ocrx_word' id='word_1_194' title='bbox 1089 2970 1279 3040; x_wconf 84' lang='lat' dir='ltr'>Engel.</span> <span class='ocrx_word' id='word_1_195' title='bbox 1370 2969 1758 3025; x_wconf 80' lang='lat' dir='ltr'>Guszterman.</span> 
     </span>
     <span class='ocr_line' id='line_1_34' title="bbox 214 3033 646 3103; baseline 0.009 -17"><span class='ocrx_word' id='word_1_196' title='bbox 214 3033 387 3103; x_wconf 76' lang='lat' dir='ltr'>Nagy.</span> <span class='ocrx_word' id='word_1_197' title='bbox 427 3044 511 3087; x_wconf 83' lang='lat' dir='ltr'>etc</span> <span class='ocrx_word' id='word_1_198' title='bbox 547 3047 646 3091; x_wconf 85' lang='lat' dir='ltr'>etc.</span> 
     </span>
    </p>
   </div>
  </div>
 </body>
</html>
