1940 3672
249 158 370 219 240
809 159 1236 218 ,Historia

157 345 271 416 cit,
320 341 537 422 vigore
593 335 764 420 cujus
807 351 1168 418 potestatem
1217 337 1379 419 leges
1440 336 1680 397 serendi
1728 342 1846 400 Co-

150 432 380 501 mitiis,
429 451 525 487 eas
562 448 713 486 vero
752 426 1102 506 exequendi
1160 428 1316 508 Regi
1372 425 1630 485 detulit:
1687 451 1845 510 quae

149 520 346 578 forma
367 515 833 598 gubernationis
866 512 1130 572 sedecim
1167 518 1343 572 annis
1366 517 1427 572 in
1469 518 1842 598 vigoreper-

148 609 338 678 stitit,
382 604 670 662 factiones
719 600 996 674 sustulit,
1053 616 1114 660 et
1163 625 1409 663 omnem
1465 604 1847 686 reipublicae

157 707 397 779 partem
453 692 699 779 optimis
753 690 1044 747 institutis
1085 689 1373 750 firmavit.
1438 692 1676 750 Verum
1733 693 1849 774 gli-

156 804 327 844 scens
363 782 424 836 in
460 778 755 837 cordibus
799 776 1137 836 multorum
1175 777 1395 839 seditio
1438 782 1663 839 iterum
1705 803 1846 839 eru-

155 875 248 954 ]›it
282 872 465 929 1788.
505 867 653 924 dum
702 866 836 924 Rex
893 880 1106 924 contra
1162 866 1386 927 Russos
1438 870 1498 927 in
1562 868 1842 928 savorem

154 962 505 1017 Turcarum
538 955 998 1037 expeditionem
1024 954 1412 1031 adornasset,
1457 960 1562 1038 qui
1603 972 1844 1016 mature

153 1047 407 1106 detectis
454 1045 656 1102 turbis
691 1042 1075 1116 domesticiS,
1118 1064 1330 1124 pacem
1356 1066 1497 1103 cum
1544 1048 1845 1102 &calcari-

152 1159 236 1194 για
264 1139 335 1194 ΙΙ.
371 1136 711 1192 Russorum
761 1133 1163 1214 Imperatrice
1213 1132 1395 1191 1790-
1431 1135 1661 1205 iniens,
1728 1132 1840 1191 do·-

151 1227 237 1283 mi
275 1246 409 1282 rara
450 1220 877 1281 moderatione
912 1242 1052 1278 usus
1079 1264 1094 1292 ,
1137 1219 1570 1279 seditiosorum
1604 1224 1841 1279 animos

155 1313 418 1397 placavit
443 1357 457 1383 ,
534 1323 595 1369 et
673 1323 811 1392 post
865 1309 1128 1366 Comitia
1199 1312 1592 1367 Gevcclc'etzsia
1656 1310 1837 1368 1792.

155 1403 479 1458 Ilolmiczm
524 1418 843 1469 reverSUS,
904 1399 964 1453 in
1005 1396 1261 1479 publico
1311 1397 1445 1456 loeo
1502 1398 1676 1456 brevi
1731 1420 1842 1480 per

154 1490 599 1548 Centurionem
643 1488 1063 1545 Ankerstroz'n
1107 1485 1188 1542 ab
1213 1485 1401 1544 exilio
1462 1489 1840 1559 revocatum,

154 1577 390 1637 nefarie
427 1576 808 1647 vulneratuS,
835 1585 967 1655 post
997 1571 1293 1632 tredecim
1327 1573 1453 1632 dies
1475 1573 1630 1631 obiit
1657 1573 1838 1633 1792.

318 1670 632 1723 Gzcstcwzcs
676 1666 794 1718 IV.
847 1674 981 1743 post
1014 1675 1281 1719 mortem
1315 1663 1841 1742 patris,eonsensu

154 1754 446 1815 ordinum
492 1775 605 1812 rex
647 1750 904 1823 electus,
955 1747 1036 1806 ob
1072 1747 1407 1827 juvenilem
1454 1760 1711 1807 aetatem
1736 1763 1838 1807 tu-

155 1860 355 1903 torem
397 1856 456 1901 et
517 1842 694 1922 regni
740 1837 1300 1895 administratorem
1342 1838 1574 1919 accepit
1643 1839 1841 1894 Caro—

154 1940 278 1999 lum
332 1930 822 1989 Sccslermcmniae
853 1925 1067 1983 ducem
1113 1940 1448 2005 patruum,
1509 1928 1616 2006 qui
1675 1925 1838 1983 diffi-

157 2021 401 2082 cillimis
446 2021 515 2076 iis
549 2015 954 2097 temporibus,
979 2012 1205 2095 quibus
1235 2011 1688 2095 conjurationes
1720 2016 1840 2072 im—

155 2104 843 2193 primisinvaluerunt,
910 2100 1252 2184 prudenter
1312 2116 1515 2161 tamen
1561 2124 1728 2160 suam
1779 2115 1840 2160 et

152 2199 336 2278 Regis
368 2197 559 2254 vitam
600 2192 871 2252 salvavit:
921 2187 1392 2272 Typographiae
1434 2205 1494 2249 et
1530 2192 1838 2249 Censurae

151 2287 501 2345 libertatem
523 2279 1345 2363 temperavit,effeminatum
1385 2278 1602 2337 luxum
1633 2292 1838 2336 sustu-

152 2376 252 2448 lit,
296 2370 703 2453 Reipublicae
738 2368 1082 2425 Gallicanae
1113 2366 1341 2450 legatos
1373 2369 1609 2449 primus
1646 2387 1836 2446 agno-

160 2469 266 2523 vit.
330 2458 604 2518 Tandem
645 2461 959 2515 Gastcwus
997 2456 1178 2515 1796.
1225 2452 1597 2536 majorennis
1632 2451 1837 2512 decla—

151 2566 356 2623 ratus,
405 2549 609 2607 omnia
643 2548 894 2627 antiqua
945 2547 1220 2604 instituta
1257 2544 1346 2601 uti
1411 2557 1472 2602 et
1525 2563 1835 2601 summum

152 2646 445 2700 Senatum
471 2636 772 2707 restituit,
811 2633 1033 2692 abusus
1068 2634 1128 2690 in
1166 2630 1697 2689 administratione
1732 2650 1836 2688 re-

150 2732 253 2811 gni
293 2742 354 2788 et
392 2724 781 2783 Judieiorum
816 2722 1038 2782 suffere
1088 2719 1358 2793 studuit,
1422 2716 1637 2778 foedus
1691 2738 1830 2776 cum

148 2819 358 2879 [liussis
382 2860 396 2889 ,
446 2814 633 2872 Danis
671 2825 731 2870 et
769 2811 1046 2869 Boi-tussis
1088 2822 1297 2867 contra
1335 2807 1568 2888 Anglos
1612 2808 1830 2880 inivit,

149 2909 252 2967 sed
293 2904 467 2963 brevi
505 2899 729 2981 Anglis
764 2921 825 2958 se
858 2902 1175 2971 associans,
1210 2899 1447 2979 priores
1485 2894 1830 2955 foederatos

148 2995 346 3055 hostes
382 2991 671 3065 accessit,
719 2987 965 3049 demum
1016 2988 1097 3049 ob
1135 2987 1530 3051 severitatem
1579 2985 1641 3041 in
1689 3002 1830 3042 suos

1567 3090 1747 3132 exer-
