1940 3672
520 167 1254 242 IIungar-orum.
1504 158 1628 221 595

224 341 510 399 Salomon
543 339 833 398 Andreae
856 333 1012 393 filius
1049 344 1266 416 agente
1288 333 1718 393 Henrico‘IV.

50 428 430 510 Imperatore
454 427 678 484 Albam
701 422 992 484 deductus
1019 434 1077 480 et
1096 431 1422 480 coronatus
1461 434 1568 494 est,
1614 425 1724 501 qui

49 526 288 573 mature
335 516 736 598 pessimorum
787 508 1317 569 Administrorum
1353 507 1587 566 assidua
1629 511 1725 565 in·-

52 604 384 683 spiratione
416 601 614 660 aversi
644 600 832 657 animi
864 594 1085 657 indicia
1118 594 1372 654 ducibus
1396 593 1687 655 exhibens
1708 641 1724 670 ‚

53 688 318 748 validam
366 690 429 746 in
484 709 546 746 se
593 686 925 746 concitavit
966 681 1491 763 conjurationem,
1551 691 1723 763 {quae

49 774 193 835 licet
231 797 415 858 opera
462 777 907 857 Episcoporum
954 772 1174 829 iterato
1228 769 1436 829 fuisset
1483 772 1724 852 sopita,

50 861 251 922 denuo
292 877 494 922 tamen
550 862 901 921 tristissimis
947 857 1239 917 caedibus
1293 871 1354 915 et
1404 856 1724 917 funeribus

52 953 314 1033 patriam
376 949 713 1029 involvit,¹
762 949 871 1031 qui
924 959 1061 1030 post
1104 943 1409 1003 infelicem
1455 967 1725 1028 pugnam

53 1036 130 1097 ad
176 1040 528 1096 Czinkotam
569 1057 763 1118 regno
811 1057 923 1118 per
971 1035 1218 1090 Geisam
1263 1030 1480 1091 ducem
1515 1036 1726 1114 priva-

51 1136 183 1200 tus,
229 1124 380 1184 illud
420 1123 646 1184 frustra
683 1143 1056 1205 recuperare
1094 1117 1339 1179 studens
1363 1166 1378 1194 ,
1424 1121 1726 1179 Patriam—

52 1234 174 1293 que
202 1211 484 1272 deserens
503 1259 518 1287 ‚
553 1214 614 1272 in
637 1214 858 1271 Castris
880 1213 1297 1269 Cumanorum
1320 1222 1537 1266 contra
1576 1208 1722 1268 Bul-

49 1320 229 1381 garos
276 1321 548 1383 pugnans
599 1301 780 1360 1087.
829 1296 1028 1358 videri
1073 1294 1335 1377 amplius
1373 1294 1568 1355 desiit.

234 1391 424 1446 Gai-sa
459 1392 509 1446 I.
542 1386 796 1469 depulso
831 1389 1147 1443 Salomone
1179 1405 1252 1442 eo
1281 1382 1579 1443 modestia
1612 1404 1722 1443 sua

48 1497 184 1536 rem
256 1473 516 1537 deduxit
582 1486 653 1534 ut
712 1496 826 1534 rex
867 1483 1274 1532 coronaretur
1299 1516 1315 1544 ‚
1420 1470 1534 1529 sub
1600 1493 1727 1552 quo

48 1567 366 1623 Heariczcs
425 1564 575 1646 Imp.
630 1584 800 1621 causa
838 1561 1029 1620 affinis
1080 1561 1424 1617 Salomonis
1469 1558 1727 1641 Hunga-

49 1653 206 1711 riam
243 1650 559 1712 devastans
595 1649 747 1709 nihil
780 1650 1061 1709 obtinere
1084 1648 1298 1729 potuit.
1355 1648 1537 1703 Greisa
1575 1668 1725 1706 vero

52 1740 292 1799 eximiis
330 1738 663 1798 virtutibus
709 1739 960 1819 insignis
1024 1737 1206 1795 1077.
1265 1747 1546 1794 mortuus
1616 1747 1720 1794 est.

51 1827 165 1886 Cui
207 1828 492 1885 successit
520 1825 712 1885 frater
738 1829 1092 1884 Laclislccm.

231 1916 289 1973 S.
343 1916 714 1987 LaelislauS,
796 1912 1116 1973 orantibus
1172 1911 1443 1969 Statibus
1487 1929 1566 1969 ne
1619 1928 1727 1967 re-

52 2023 243 2085 gnum
295 2000 683 2061 moderatore
732 2001 1090 2062 destitutum
1148 1997 1507 2060 detrimenti
1569 1994 1726 2078 quid

54 2101 321 2172 caperet,
365 2090 775 2171 regnicuram
813 2090 1142 2169 suscipiens
1167 2132 1183 2159 ,
1230 2085 1407 2147 brevi
1450 2084 1532 2145 ob
1572 2083 1729 2143 mul-

55 2192 115 2238 ta
165 2197 361 2259 eaque
402 2179 628 2236 eximia
671 2179 888 2236 merita
939 2198 1063 2235 non
1104 2175 1301 2234 solum
1344 2173 1512 2233 domi
1541 2217 1562 2248 ,v
1625 2171 1731 2230 sed

54 2268 238 2326 etiam
274 2262 435 2347 apud
471 2279 714 2325 exteros
750 2268 1182 2349 sempiternam
1220 2261 1462 2322 laudem
1498 2274 1560 2321 et
1598 2260 1729 2318 exi-

54 2353 463 2414 stimationem
521 2352 637 2413 sibi
690 2355 1102 2435 comparavit:
1193 2351 1489 2411 Germani
1565 2349 1731 2407 enim

55 2453 449 2516 exauctorato
472 2443 748 2502 Hernico
782 2445 900 2508 IV,
936 2462 1078 2500 eum
1118 2438 1193 2498 ad
1231 2459 1581 2521 supremam
1633 2433 1728 2492 di-

56 2529 349 2609 gnitatem
392 2528 809 2590 assumendam
857 2531 1235 2602 invitarunt,
1283 2549 1473 2608 quam
1518 2539 1727 2584 tame-n

56 2614 327 2696 modeste
359 2631 673 2691 recusans,
719 2640 864 2676 mox
906 2618 1188 2698 Europae
1235 2617 1549 2696 Principes
1580 2633 1731 2672 eun-

57 2704 198 2762 dem
239 2724 545 2764 summum
577 2704 1001 2788 Expeditionis
1034 2705 1351 2762 Cruciatae
1375 2701 1593 2760 ducem
1625 2697 1731 2757 de-

55 2793 407 2871 signarunt,
454 2815 578 2874 quo
612 2786 812 2853 tamen
849 2789 1087 2851 honore
1130 2789 1300 2871 fungi
1330 2811 1456 2849 non
1489 2788 1730 2870 potuit,

59 2880 352 2958 quoniam
409 2879 484 2939 ad
530 2882 741 2940 turbas
777 2879 1185 2940 Bohemor-um
1229 2875 1550 2960 sopiendas
1581 2895 1731 2955 pro-

59 2966 286 3042 iactus,
380 2969 600 3031 morbo
660 2980 978 3054 correptus
1036 2969 1100 3028 in
1158 2964 1317 3027 fama
1379 2963 1734 3023 Sanctitatis

287 3077 289 3079 ·
1464 3050 1647 3113 obiis-
