1940 3672
263 171 388 234 524
794 171 1247 247 ,Historia

167 372 542 438 magnasque
572 347 996 410 contentiones
1028 369 1169 408 cum
1203 347 1492 407 Austriae
1520 344 1675 406 duce
1708 367 1850 405 cau-—

167 464 230 503 sa
285 438 562 524 conjugis
619 438 918 513 Hedvigis
973 434 1138 497 ferre
1191 434 1448 509 debuit,
1518 437 1617 494 cui
1669 437 1854 494 etiam

172 533 316 591 200.
348 528 536 587 millia
564 524 776 584 floren.
809 522 1005 583 solvit.
1042 524 1271 583 Gravia
1307 526 1491 584 etiam
1529 521 1686 581 bella
1724 544 1858 603 ges—
1905 541 1908 544 ·

169 621 250 678 sit
285 637 429 676 cum
452 611 785 674 Cruciferis
805 654 820 684 ,
852 625 915 671 et
937 625 1265 693 postquam
1302 611 1649 671 Palatinum
1673 610 1861 672 Vala-
1892 675 1899 680 ⁶

169 704 340 765 chiae
370 704 435 760 in
469 700 656 762 fidem
690 702 1021 783 accepisset
1055 721 1089 758 e
1127 701 1253 758 vita
1290 701 1547 759 excessit
1583 720 1633 757 a.
1674 699 1860 758 1454.

170 792 373 853 filium
412 812 591 850 suum
634 807 1048 847 successorem
1087 786 1475 869 relinquens:

359 880 746 938 Uladislczzcm
811 874 920 935 VI.
970 877 1082 957 qui
1141 877 1455 933 Russicam
1506 886 1566 934 et
1616 871 1864 933 Podoli-

170 988 308 1028 cam
370 966 759 1026 nobilitatem
811 985 951 1024 cum
1001 962 1291 1022 Polonica
1341 965 1507 1023 omni
1564 959 1699 1043 jure
1757 983 1864 1020 ex-

172 1057 500 1138 aequavit:
569 1052 714 1114 dein
765 1053 1189 1111 consentiente
1239 1050 1682 1132 Hungarorum
1737 1051 1863 1108 Rea

171 1147 315 1226 gina
361 1142 726 1201 Elisabetlm
784 1141 1140 1222 Hungariae
1197 1160 1311 1198 rex
1375 1139 1643 1213 electus,
1719 1153 1863 1195 cum

173 1232 397 1293 Turcis
441 1232 619 1290 initio
657 1228 919 1289 feliciter
952 1227 1285 1312 pugnavit3
1345 1225 1450 1286 sed
1490 1226 1744 1286 induciis
1787 1223 1864 1282 ad

173 1321 634 1405 persvasionem
685 1318 921 1376 Jaliam:
971 1313 1312 1376 Cardinalis
1364 1336 1504 1374 cum
1556 1315 1870 1372 Amarate

174 1407 462 1481 violatis,
523 1404 601 1465 ad
655 1408 945 1464 Varnam
992 1417 1210 1463 contra
1261 1405 1492 1462 Turcas
1547 1401 1868 1462 decertans

173 1495 472 1558 occubuit
527 1493 711 1555 1445.
765 1494 863 1554 cui
928 1494 993 1551 in
1048 1489 1298 1551 Polonia
1351 1491 1712 1551 substitutus
1781 1500 1870 1549 est

176 1584 386 1645 frater.

360 1667 734 1742 Οαείιηίνιιε,
797 1664 913 1726 sub
960 1682 1089 1748 quo
1124 1663 1371 1727 Borussi
1413 1660 1775 1725 crudelitate
1811 1675 1871 1723 et

174 1757 435 1821 libidine
464 1759 950 1838 Crucigerorum
987 1757 1287 1837 permoti,
1325 1750 1398 1813 ad
1434 1751 1874 1814 excutiendum

173 1847 394 1932 jugum
428 1843 1037 1907 confoederationem
1073 1865 1219 1902 cum
1259 1841 1502 1902 Polonis
1535 1844 1872 1914 iniverunt,

175 1935 319 1996 hinc
362 1933 688 2015 Crucigeri
734 1933 1040 1990 Casimiro
1074 1929 1340 2013 subjecti
1374 1944 1435 1990 et
1472 1950 1596 1990 non
1637 1927 1873 1989 medio-

175 2027 373 2084 criter
408 2022 642 2093 attriti,
692 2040 904 2104 pacem
940 2015 1034 2077 his
1069 2018 1531 2078 conditionibus
1557 2017 1873 2077 fecerunt:

178 2126 251 2172 ut
285 2112 611 2172 Borussiae
652 2122 824 2192 parte
860 2107 1211 2190 Crucigeris
1241 2127 1519 2167 concessa
1543 2152 1558 2180 7
1606 2107 1734 2187 ipse
1772 2127 1874 2163 or—

179 2199 338 2260 dinis
406 2199 702 2280 Magister
768 2193 1202 2256 beneficiarius
1269 2197 1465 2276 Regni
1544 2194 1873 2266 Poloniae‚

178 2285 437 2369 ejusque
478 2287 772 2366 Princeps
811 2295 874 2342 et
914 2283 1178 2344 Senator
1221 2296 1394 2349 esset.
1440 2280 1717 2342 Tandem
1765 2283 1882 2337 Ca-

186 2378 441 2433 simiras
487 2372 647 2431 obiit
692 2373 875 2432 1492.

361 2464 798 2539 Sigismwzdas
862 2460 912 2518 I.
981 2457 1235 2518 Ordinis
1297 2452 1618 2516 Teutonici
1681 2457 1877 2537 Magi-2

180 2564 382 2612 strum
440 2551 505 2608 in
575 2549 881 2630 angustias
938 2545 1255 2607 redactum
1324 2547 1600 2604 Prussiae
1656 2543 1877 2601 ducem

180 2639 451 2711 creavit,
492 2706 493 2709 Ἴ
545 2657 817 2719 quocum
862 2657 1073 2719 pacem
1126 2654 1195 2694 ea
1243 2632 1595 2694 conditione
1644 2634 1883 2701 sanxit,

184 2735 256 2786 ut
284 2726 588 2786 Albertas
618 2720 902 2784 Mai-chio
935 2722 1471 2803 Brandeburgicus
1503 2741 1643 2780 cum
1681 2733 1882 2801 poste-

183 2816 270 2874 ris
310 2815 432 2874 suis
477 2812 767 2896 legitimis
806 2825 1051 2894 partem
1087 2813 1404 2871 Borussiae
1444 2808 1781 2892 possideret
1814 2804 1885 2863 fi„

186 2901 473 2960 duciario
521 2899 702 2982 jure,
778 2914 841 2960 et
894 2901 1193 2959 exstincta
1234 2900 1425 2980 stirpe
1468 2896 1665 2969 virili,
1743 2897 1879 2953 Du-

190 3002 359 3050 catus
404 2988 655 3051 Feudali
713 2985 849 3072 jure
910 2986 987 3046 ad
1044 2986 1363 3047 Poloniam
1423 2983 1879 3045 devolveretur.

1523 3071 1798 3134 Tandem
