1940 3672
653 224 722 281 D
746 236 786 277 ci
807 243 844 276 η
868 243 898 276 O
924 244 956 275 r
981 243 1017 277 ιι
1045 238 1118 274 m.
1512 219 1627 278 191

56 416 197 475 gum
287 395 515 457 familia
589 392 981 453 successionis
1042 390 1262 449 ordine
1331 390 1726 470 profluxerat.

53 486 257 544 Hodie
295 487 609 542 Danorum
659 482 856 538 omnis
890 481 1061 558 regio
1094 480 1275 535 maris
1316 477 1591 536 faucibus
1627 479 1729 535 in—

54 585 369 652 terrupta,
429 591 503 627 ex
571 565 662 624 his
716 569 1061 648 praecipuis
1118 565 1394 647 partibus
1441 578 1723 624 constat:

52 663 141 717 uti
207 660 384 715 scitia
475 654 863 713 meridionali
927 668 987 712 et
1038 653 1557 732 septemtrionali,
1598 674 1725 733 quo

55 744 442 804 Slesvicensis
489 756 549 801 et
588 742 898 800 Holsatiae
941 741 1191 799 ducatus
1222 742 1552 823 pertinent.
1610 744 1725 799 Ze—

53 834 264 890 lanclici
316 843 376 887 et
416 831 648 887 Scanicz
689 845 935 910 praeter
973 827 1194 887 insulas
1248 827 1496 909 singulis
1529 831 1724 909 parti-

53 920 170 977 bus
207 915 559 997 adjecenteS.
651 919 861 975 Divisa
912 930 1001 974 est
1057 928 1181 974 tota
1229 914 1426 972 Dania
1481 918 1543 972 in
1588 919 1728 975 184.

55 1001 474 1064 Praefecturas
530 1027 685 1085 quae
742 1009 944 1061 Her-et
991 1017 1328 1076 vocantur,
1392 1016 1453 1060 et
1500 1025 1532 1060 a
1590 1005 1733 1061 toti-

52 1092 193 1150 dem
246 1090 569 1150 Praefectis
612 1092 814 1171 legum
864 1092 1237 1148 Danicarum
1275 1091 1490 1172 peritis
1535 1091 1728 1148 admi-

52 1183 407 1237 nistrantur.
496 1182 589 1238 15.
663 1181 865 1240 Urbes
925 1177 1244 1250 celebres,
1306 1192 1367 1237 et
1417 1177 1512 1236 12.
1564 1199 1733 1238 arces

55 1268 274 1346 Regias
358 1283 641 1327 numerat
717 1283 962 1350 praeter
1019 1267 1289 1324 minores
1326 1309 1341 1337 ,
1406 1268 1734 1347 praecipua

55 1358 239 1412 totius
293 1356 520 1414 Daniae
578 1355 939 1437 metropolis
989 1368 1078 1412 est.
1140 1356 1397 1428 Hcgfnici
1457 1374 1562 1411 seu
1622 1355 1734 1409 Co-

41 1444 345 1519 pensiaga
415 1442 834 1524 magnitudine
879 1489 894 1514 ,
960 1441 1275 1522 opulentia
1339 1454 1401 1499 et
1464 1443 1734 1498 maxima

55 1543 270 1611 portus
305 1531 738 1590 commoditate
778 1532 1044 1612 insignis,
1114 1528 1292 1586 Aliae
1337 1527 1520 1586 urbes
1559 1541 1730 1587 sunt:

55 1621 305 1688 Lenda,
362 1622 711 1697 Malmogia
750 1663 765 1691 ,
831 1618 1239 1692 Vas-bargum
1276 1661 1292 1689 ,
1348 1619 1680 1674 Gotlcmclicc
1714 1663 1731 1691 7

54 1707 433 1772 Arlmsimn„
482 1707 1023 1782 Ellemcmsbezglz,
1075 1707 1439 1776 Slesvicam‚
1511 1706 1691 1761 lVi'ck
1718 1751 1733 1776 ,

55 1795 521 1871 Fletisbzzrgum.
590 1808 699 1851 etc.
790 1795 1071 1851 Flumina
1135 1806 1323 1851 sunt:
1389 1795 1671 1869 Egidorci
1717 1839 1732 1865 ,

69 1882 388 1939 Clzalusus.
438 1881 697 1939 Plurimi
743 1882 1076 1939 incolarum
1131 1882 1501 1961 piscaturam
1554 1903 1733 1939 exer—

55 1983 226 2044 cent3
281 1969 510 2028 incolae
557 1984 698 2028 sunt
759 1969 1050 2051 jucundi,
1102 1989 1357 2026 suorum
1410 1982 1679 2027 amantes
1714 2015 1729 2043 ,

57 2071 234 2136 pacta
281 2056 612 2116 observant
649 2103 664 2131 ,
727 2059 1080 2116 venationes
1140 2055 1409 2136 diligunt
1448 2100 1462 2126 ,
1523 2058 1730 2115 Musa-

58 2165 197 2201 rum
240 2160 546 2215 amanteS,
594 2148 657 2202 in
696 2146 1223 2203 administratione
1273 2146 1365 2203 rei
1412 2144 1728 2203 familiaris

58 2231 392 2311 prudentes
431 2232 694 2292 feminae
740 2231 1078 2292 formosae:
1140 2234 1442 2315 imprimis
1478 2233 1731 2293 morbos

54 2340 131 2378 ex
170 2317 641 2401 refrigeratione
688 2321 1073 2379 contrahunt.
1124 2319 1189 2397 a)

228 2407 271 2483 ᾗ.
344 2414 398 2468 2.
467 2413 684 2468 Status
745 2412 1086 2486 Religionis
1162 2421 1221 2464 et
1284 2413 1732 2467 consuetudinis

61 2496 516 2571 Datzicie‚sunt
561 2499 671 2581 qui
706 2520 781 2558 ex
821 2499 1231 2558 monumentis
1270 2497 1579 2557 Islandicis
1613 2498 1739 2555 Da-

1521 2609 1642 2644 nus

130 2787 205 2858 a)
242 2790 321 2843 M.
359 2791 549 2843 Adami
585 2790 902 2858 opusculum
938 2790 1130 2842 desitu
1169 2790 1365 2842 Daniae
1405 2799 1459 2840 et
1493 2788 1736 2857 reliqua·-

215 2876 371 2921 rum,
416 2879 549 2931 quae
603 2870 751 2909 trans
794 2861 1018 2910 Daniam
1056 2870 1176 2910 sunt
1223 2861 1541 2926 regionum,
1587 2860 1736 2924 Lug-

200 2927 333 2978 duni
375 2932 695 2981 Batavorum
721 2929 866 2982 1595.
898 2930 1120 2984 Martin.
1152 2930 1391 2980 Zeilerus
1432 2929 1733 2996 Descriptio

201 3016 338 3050 nova
382 3002 697 3069 Regnorum
727 3001 924 3051 Daniae
960 3009 1010 3050 et
1039 3002 1336 3067 Norvegiae
1375 3010 1436 3049 ut
1476 3008 1527 3047 et
1562 2999 1735 3048 Duca-

196 3076 350 3119 tuum
390 3069 646 3135 Slesvici,
683 3080 736 3123 et
769 3069 1078 3135 Holsatiae‚
1135 3072 1528 3139 regionumque
1571 3068 1636 3119 ad
1675 3085 1734 3118 ea
