1940 3672
389 219 734 279 Bassorum
776 224 836 272 et
869 212 1371 272 Illoscovitczrzmz.
1536 211 1656 272 547

70 409 286 460 contra
326 397 523 456 Danos
554 390 698 451 belli
731 390 957 451 faceret
996 403 1344 474 apparamS,
1392 385 1587 447 altero
1630 390 1746 450 im—

74 489 232 571 perii
268 507 428 544 anno
471 482 650 542 1762.
701 482 963 562 imperio
993 492 1055 538 et
1089 481 1211 537 vita
1252 478 1532 559 privatus
1577 487 1681 534 est.

241 572 589 631 Gathar-ina
624 567 698 626 II.
747 568 927 626 Uxor
962 564 1235 626 defuncti
1286 566 1460 622 Petri
1508 564 1636 619 III.
1669 583 1746 621 ex

69 659 300 719 familia
320 656 704 730 Zerbstensi,
727 657 953 714 marito
988 653 1324 714 crudeliter
1360 653 1579 723 occiso,
1626 649 1751 708 Im—

69 749 312 831 perium
350 763 688 827 occupans,
712 742 865 802 illud
898 763 1117 824 magna
1163 738 1529 824 prudentiae
1571 735 1749 797 laude

64 834 542 907 administravit,
588 852 862 913 moxque
900 829 1063 890 felici
1103 845 1380 890 successu
1412 840 1578 886 terra
1618 847 1750 883 ma-

65 924 246 1003 rique
292 921 521 979 bellum
554 920 1046 979 cruentissimum
1069 937 1210 976 cum
1256 915 1475 976 Turcis
1510 934 1748 996 gere-113,

66 1006 245 1070 fatale
264 1009 524 1069 exitiUm
557 1008 832 1089 Imperio
855 1007 1292 1066 Ottomannico
1337 1004 1609 1087 paravit,
1643 1003 1742 1058 cui

63 1110 204 1180 post
235 1097 546 1179 praeclara
582 1098 644 1153 in
679 1115 926 1155 omnem
963 1094 1342 1175 reipublicae
1382 1103 1622 1173 partem
1656 1090 1750 1146 in—

63 1185 270 1243 stituta
321 1185 607 1244 morienti
662 1185 946 1243 successit
991 1180 1149 1241 filius
1197 1184 1430 1240 Paulas
1488 1178 1747 1259 Magnus

63 1273 204 1330 Dux
251 1274 521 1333 Russiae.
572 1272 754 1331 1796.

223 1362 458 1418 Paulus
495 1362 544 1419 I.
589 1364 752 1418 inter
787 1359 1092 1416 maximos
1158 1376 1478 1414 armorum
1531 1353 1754 1433 strepi-

62 1455 189 1521 tus,
223 1460 463 1508 mature
492 1446 792 1529 evigilare
811 1445 1038 1519 volens,
1088 1465 1224 1505 rem
1259 1444 1588 1504 militarem
1623 1440 1745 1498 rite

61 1538 438 1617 organisavit
459 1582 474 1610 ,
520 1536 760 1595 sublato
785 1535 955 1593 aulae
986 1531 1343 1616 splendore,
1379 1529 1611 1589 reditus
1634 1529 1752 1585 im-

62 1626 221 1707 perii
259 1626 323 1682 in
371 1625 689 1684 meliorem
714 1621 998 1683 ordinem
1032 1619 1288 1703 redegit,
1336 1629 1608 1678 monetas
1644 1637 1747 1672 au-

67 1714 160 1776 xit
177 1734 191 1785 3
238 1711 526 1771 abusibus
575 1709 1136 1793 Magistratualium
1182 1705 1604 1768 saluberrimis
1665 1702 1753 1761 le-

63 1799 242 1881 gibus
281 1799 414 1858 latis
459 1811 701 1858 mature
724 1798 1034 1858 subvenit.
1063 1796 1268 1856 Gallos
1312 1792 1597 1853 inductae
1630 1791 1754 1851 rei—

65 1886 353 1970 publicae
399 1908 606 1947 osores
638 1907 707 1945 ac
741 1908 910 1946 suam
948 1888 1214 1970 patriam
1257 1883 1609 1942 deserentes
1644 1878 1754 1939 be-

67 1974 291 2034 nevole
336 1977 601 2056 excepit.
649 1972 890 2034 Foedus
912 1995 1225 2033 armorum
1250 1993 1390 2031 cum
1418 1969 1749 2029 Austriaca

67 2063 268 2122 Domo
309 2076 370 2123 et
403 2062 617 2145 Anglis
653 2085 685 2120 a
722 2076 920 2123 matre
946 2062 1169 2121 initum
1189 2055 1751 2120 confirmavit.Du-

65 2171 135 2210 ce
183 2153 496 2209 Savarow.
525 2148 795 2209 validum
821 2151 1160 2211 exercitum
1190 2147 1577 2206 maritimum
1599 2163 1748 2201 con-

65 2250 163 2297 tra
209 2239 414 2299 Gallos
464 2237 810 2322 expedivit,
858 2239 1103 2298 Jonicas
1150 2234 1375 2295 insulas
1402 2231 1749 2313 occupavit,

64 2337 127 2386 et
170 2341 497 2410 postquam
555 2331 839 2385 Savarov
892 2328 953 2386 in
999 2325 1174 2384 Italia
1232 2321 1492 2382 feliciter
1539 2319 1753 2379 decer-

41 2428 286 2490 xtasset3
335 2418 670 2474 Korscccow
731 2436 884 2474 vero
933 2415 1305 2490 Neapoleonis
1353 2408 1598 2469 viribus
1644 2427 1749 2466 re-

68 2501 337 2563 sistendo
367 2506 566 2585 impar
612 2504 959 2576 exstitisset,
1007 2502 1288 2561 militiam
1311 2514 1483 2559 suam
1506 2498 1571 2554 in
1589 2495 1750 2553 Rus—

69 2592 220 2649 siam
247 2612 563 2665 revocans,
611 2612 756 2650 mox
781 2589 992 2650 foedus
1014 2611 1331 2649 armorum
1363 2600 1578 2646 contra
1604 2581 1749 2639 Gal-

71 2674 160 2737 los
207 2681 391 2738 inivit
435 2700 575 2738 cum
621 2679 896 2739 Borussis
935 2679 1144 2738 Svecis
1192 2692 1252 2738 et
1299 2676 1486 2735 Danis
1532 2673 1750 2753 impri-

68 2767 183 2825 mis
228 2766 304 2841 ad
347 2768 751 2849 navigationis
771 2768 1182 2841 securitatem,
1206 2760 1378 2846 cujus
1411 2774 1615 2820 tamen
1647 2779 1752 2816 co-

75 2865 251 2911 natus
289 2855 557 2916 multum
605 2853 792 2937 Angli
843 2853 1316 2936 impediverunt.
1362 2849 1600 2922 Quibus
1642 2867 1751 2905 cu-

69 2943 156 3000 ris
206 2938 490 3026 fatigatus
521 2957 799 3004 mortuus
823 2956 914 3004 est
956 2965 1007 3001 a.
1047 2943 1229 3003 1801.
1277 2952 1338 3001 et
1370 2937 1656 2999 successit
1692 2937 1747 2993 ei

64 3027 241 3091 filius.

1510 3116 1664 3179 Aleq
