1940 3672
579 150 1220 211 Iielvetz'oram.
1544 147 1669 206 249

92 349 470 414 Curionibus
541 359 867 407 uterentur
913 393 928 421 ‚
984 343 1215 405 tardius
1274 354 1479 404 tamen
1534 363 1759 423 nempe

102 443 285 503 1795.
332 443 394 498 in
442 458 625 495 unam
686 435 1120 494 Unitariorum
1175 434 1538 492 Doctrinam
1579 428 1762 489 dein-

94 550 234 612 ceps
307 522 706 609 profitendam
779 522 1160 583 coaluerunt.
1266 520 1479 601 Atque
1547 521 1631 576 sic
1692 520 1757 575 in

96 615 412 683 Helvetia,
441 615 596 672 sicut
633 611 812 670 Cives
858 610 1057 671 libera
1096 609 1408 691 republica
1436 607 1763 680 fruuntur,

97 707 179 762 ita
228 700 409 760 iidem
456 700 819 780 religionem
871 701 1057 780 magis
1104 699 1222 759 sibi
1272 693 1653 756 arridentem
1689 693 1766 751 li-

96 791 241 849 bere
275 791 338 846 in
382 785 545 846 hunc
589 808 781 870 usque
813 784 977 847 diem
1014 786 1406 871 profitentur.

271 879 323 936 5.
363 876 407 955 ᾗ.
448 879 667 934 Status
710 878 1007 933 Politicas
1045 887 1107 933 et
1148 878 1379 932 Forma
1419 873 1757 949 regiminis,

88 964 369 1025 Helvetia
399 963 552 1023 olim
593 962 986 1025 Monarchiae
1010 965 1359 1036 Romanae,
1395 960 1536 1020 dein
1571 960 1767 1018 Fran-

89 1054 219 1111 ciae
267 1073 411 1135 pars
464 1066 634 1128 erat,
680 1076 868 1134 quam
930 1054 1300 1113 Germanico
1343 1050 1616 1131 Imperio
1667 1070 1763 1106 an.

97 1143 279 1200 1027.
336 1137 617 1222 adjunxit
674 1143 994 1199 Conradas
1041 1139 1113 1199 ΙΙ.
1179 1140 1580 1221 Imperat0r3
1648 1138 1759 1217 qui

92 1227 349 1312 ejusque
410 1250 782 1289 successores
847 1250 1159 1288 summum
1208 1225 1303 1308 jus
1362 1227 1427 1282 in
1488 1223 1770 1282 Helveti-

92 1339 191 1375 am
233 1338 347 1399 per
390 1338 527 1376 suos
569 1315 912 1377 Praefectos
953 1327 1405 1385 exercuerunt,
1454 1312 1565 1394 qui
1617 1314 1763 1368 Ale—

90 1407 378 1465 mcmniae
418 1408 629 1464 Duces
672 1403 1068 1465 dicebantur:
1113 1401 1218 1463 sed
1272 1401 1422 1460 dum
1452 1398 1512 1458 hi
1550 1414 1770 1480 poten-

93 1496 240 1554 tiam
304 1515 474 1552 suam
533 1517 676 1552 cum
721 1495 912 1552 nimia
959 1494 1190 1552 civium
1252 1491 1648 1573 oppressione
1703 1508 1773 1546 ac

94 1583 428 1642 vexatione
466 1584 803 1657 auxissent,
839 1578 1143 1664 quaedam
1187 1581 1482 1639 Civitates
1529 1576 1607 1634 ab
1646 1576 1773 1632 Im·-

96 1669 486 1752 peratoribus
542 1669 863 1753 privilegia
912 1669 1357 1741 obtinuerunt,
1426 1665 1573 1724 aliae
1618 1684 1773 1724 vero

98 1756 447 1817 defensores
507 1760 567 1817 in
619 1759 748 1839 ipsa
805 1757 1091 1816 Helvetia
1147 1758 1638 1839 quaesiverunt3
1687 1754 1775 1812 sic

97 1846 297 1919 Uria,
351 1847 540 1904 Suitia
574 1891 588 1918 ,
640 1844 1026 1904 Subsilvania
1084 1857 1144 1905 et
1205 1844 1411 1903 Haslia
1456 1842 1776 1918 Rccclolplzi

99 1934 355 1993 Comitis
396 1933 810 2015 Habsburgici
845 1935 1189 2016 patrocinio
1235 1956 1297 1993 se
1344 1932 1618 2003 comisit,
1663 1931 1774 2012 qui

101 2022 250 2079 dum
314 2022 661 2105 Imperator
729 2020 936 2082 fuisset
996 2022 1223 2081 electus
1285 2021 1465 2080 1275.
1532 2034 1777 2101 praeter

100 2109 783 2191 Tul-'goviam,Glarum
805 2155 819 2181 ,
851 2112 1118 2192 Tugium
1153 2124 1215 2170 et
1244 2109 1568 2169 Luceriam
1588 2151 1603 2180 ‚
1625 2127 1783 2188 qua-

101 2209 243 2256 tuor
311 2198 580 2256 obtinuit
641 2200 705 2255 in
783 2198 1135 2259 Helvetiam
1207 2199 1548 2256 Comitatus
1585 2241 1600 2267 ‚
1684 2198 1776 2253 uti

101 2285 614 2366 Habsburgicum,
636 2285 1109 2369 Fryhnrgiwm,
1126 2285 1459 2346 Badensem
1478 2297 1539 2344 et
1555 2284 1780 2343 Lentz-

104 2374 470 2454 burgensem
511 2419 526 2448 ‚
587 2389 783 2434 certas
847 2375 1161 2435 libertates
1229 2375 1348 2434 sibi
1420 2375 1774 2433 retinentes⁹

104 2464 339 2522 Verum
393 2476 721 2545 postquam
781 2466 1078 2522 Albertzcs
1139 2464 1182 2522 Ι.
1241 2464 1556 2539 Rudolplzi
1620 2459 1778 2518 filius

103 2546 214 2608 hos
258 2553 584 2609 comitatus
640 2555 882 2633 penitus
919 2554 1032 2611 sibi
1080 2549 1385 2634 subjicere
1423 2550 1779 2611 constituis—

103 2651 194 2696 set
232 2683 247 2711 ,
309 2635 436 2718 ejus
505 2637 805 2699 Praefecti
868 2644 1102 2700 Geisler
1168 2652 1228 2699 et
1291 2644 1517 2717 Bilger
1582 2637 1779 2716 rigori

103 2724 530 2787 crudelitatem
570 2726 1005 2810 adjungentes,
1051 2727 1370 2787 Helvetios
1413 2727 1564 2786 adeo
1611 2745 1780 2784 com-

105 2830 438 2874 moverunt
478 2860 493 2889 ‚
556 2831 626 2876 ut
677 2838 791 2898 pro
864 2814 1218 2876 defensione
1281 2838 1421 2875 suae
1480 2814 1783 2874 libertatis

111 2898 325 2960 foedus
381 2905 542 2963 inter
589 2927 650 2965 se
695 2906 962 2979 inirent,
1029 2925 1217 2986 seque
1263 2902 1540 2962 ducibus
1601 2904 1783 2961 rusti-

108 2991 272 3049 canis
305 3035 320 3063 ,
382 2991 682 3075 imprimis
737 2995 1069 3051 JVillzelmo
1133 2995 1300 3051 Tello
1362 2994 1470 3077 qui
1529 2990 1781 3051 Praefe-=¹

1528 3094 1695 3143 ctum
