1940 3672
262 200 384 261 186
793 198 1213 265 Historia

322 380 555 442 XXXI.
611 381 912 457 Georgius
946 380 1030 435 II.
1077 377 1351 436 maximis
1389 375 1727 437 virtutibus
1777 378 1841 436 in

170 493 417 530 suorum
458 468 850 527 subditorum
905 465 1297 524 commodum
1343 463 1650 547 praeditus
1696 486 1843 524 mox

167 558 381 619 foedus
409 578 549 616 cum
606 557 828 611 δεινοῖο
870 556 982 610 VJ.
1045 554 1411 613 Germaniae
1462 555 1846 633 Imperatore

170 649 401 717 inienS‚
449 645 634 703 totius
690 643 974 721 Europae
1037 641 1472 721 aequilibrium
1524 639 1848 721 politicum.

173 734 575 817 procuravit,
621 742 683 785 et
728 730 958 786 sanctio
992 729 1369 807 Pragmatica
1404 751 1531 810 quo
1580 726 1653 784 ad
1709 725 1849 785 Au·-

167 825 525 880 striacarum
549 831 855 875 terrarum
875 814 1396 892 conjunctionem7
1442 829 1502 874 et
1518 814 1850 874 femineam

168 911 611 966 successionem
645 924 878 961 novum
902 902 1098 960 robur
1136 907 1383 984 accepit.
1430 906 1570 974 Quo
1613 925 1687 962 ex
1720 902 1849 961 foe-

170 995 318 1054 dere
358 1017 481 1052 non
518 989 703 1050 modo
746 992 1142 1073 imperatoris
1193 993 1401 1048 Caroli
1467 989 1651 1049 filiam
1699 994 1848 1047 Μα-

171 1088 338 1142 riam
374 1084 734 1138 Thes-esiam
781 1080 1037 1162 pecunia
1086 1092 1147 1137 et
1201 1079 1441 1137 auxiliis
1494 1092 1846 1136 constanter

169 1171 328 1255 juvit
371 1183 591 1227 contra
655 1169 982 1226 sanctionis
1031 1169 1442 1248 pragmaticae
1497 1187 1847 1239 eversore33

166 1259 272 1319 sed
302 1261 486 1318 etiam
521 1258 878 1339 gravissimo
925 1254 1160 1337 praelio
1192 1253 1266 1312 ad
1301 1257 1674 1330 Dettingam
1709 1275 1849 1310 cum

179 1345 454 1405 hostibus
487 1347 845 1418 commisso,
893 1364 1034 1400 cum
1066 1341 1242 1402 laude
1285 1344 1412 1424 ipse
1460 1342 1592 1399 Rex
1656 1343 1850 1400 inter-

172 1434 305 1492 fuit.
329 1436 526 1493 Porro
546 1432 845 1490 famosum
866 1430 1029 1488 illum
1039 1432 1849 1489 IacobumPrccetetzclentem

175 1521 501 1580 Gallorum
540 1520 788 1579 auxiliis
822 1533 1139 1601 potentem
1174 1541 1206 1577 e
1241 1516 1466 1579 linibus
1507 1519 1744 1575 Scotiae
1762 1515 1850 1576 fe-

171 1610 371 1670 liciter
406 1611 629 1689 exegit.
665 1610 1084 1688 Etpostquam
1107 1606 1338 1668 Valliae
1358 1608 1647 1686 Princeps
1669 1627 1851 1686 prae-

170 1713 405 1757 mature
433 1697 713 1767 obiisset,
756 1717 900 1752 mox
960 1696 1021 1751 in
1075 1715 1241 1775 spem
1291 1696 1465 1778 regni
1511 1691 1850 1774 majoribus

173 1788 333 1846 curis
374 1783 756 1843 educandum
806 1784 1047 1839 curavit
1090 1797 1371 1863 nepotem
1422 1804 1595 1841 suum
1662 1784 1850 1837 Geor-

172 1879 346 1953 gium
392 1874 793 1929 [Vilhelmzcm
826 1873 1212 1926 Friclericmn
1234 1913 1247 1940 ‚
1280 1870 1450 1950 cujus
1477 1872 1735 1950 optimas
1756 1871 1851 1926 in-

172 1964 474 2022 tentiones
507 1959 756 2019 demum
793 1958 1288 2016 interturbarunt
1329 1960 1462 2018 lites
1509 1957 1712 2015 Gallos
1755 1960 1850 2014 in-

177 2066 271 2109 ter
297 2064 356 2109 et
376 2048 604 2129 Anglos
627 2047 915 2105 subortae
939 2045 1012 2102 de
1041 2048 1511 2128 possessionibus
1534 2049 1595 2103 in
1624 2046 1852 2104 Borea-

176 2139 220 2195 li
266 2138 544 2195 America
572 2182 586 2209 ‚
636 2134 799 2193 unde
841 2149 1125 2195 exortum
1162 2132 1393 2194 bellum
1426 2134 1606 2195 1756.
1638 2146 1850 2216 optato

173 2225 382 2284 fructu
421 2226 752 2282 terminare
797 2245 919 2280 non
959 2223 1162 2305 potuit
1188 2265 1202 2293 ,
1237 2248 1427 2307 quum
1454 2235 1651 2282 morte
1676 2241 1852 2304 prae·-

177 2329 399 2372 ventus
441 2327 594 2371 esset
638 2312 818 2371 1760.

334 2400 594 2458 XXXII.
638 2402 939 2476 Gew'gtfzcs
979 2399 1098 2455 III.
1121 2417 1308 2478 nepos
1353 2397 1604 2472 Georgii
1627 2396 1712 2452 II.
1739 2398 1847 2476 qui

174 2487 328 2546 facta
372 2509 511 2544 cum
556 2486 746 2545 Gallis
786 2507 929 2568 pace
986 2486 1366 2542 Versalc‘etzsi
1427 2485 1604 2544 1762.
1655 2494 1848 2542 totam

186 2579 504 2634 Canaclam
550 2577 910 2646 Americae,
949 2572 1294 2654 Anglorum
1357 2570 1577 2630 ditioni
1631 2568 1854 2653 adjecit

177 2662 576 2744 extenditque
607 2665 945 2744 potentiam
990 2661 1333 2741 Anglorum
1355 2660 1414 2717 in
1451 2658 1687 2716 Indiam
1724 2662 1852 2718 ori-

176 2751 438 2811 entalem
463 2796 477 2822 ‚
519 2773 705 2830 regna
742 2754 1070 2828 Bengccla‚
1110 2751 1341 2804 Balmr
1388 2760 1447 2806 et
1502 2751 1698 2804 Orixa
1745 2768 1851 2804 oc-

175 2838 470 2922 cupando.
537 2840 773 2897 Verum
842 2842 902 2895 in
962 2838 1250 2896 America
1307 2838 1507 2893 amisit
1554 2834 1852 2894 tredecim

178 2929 562 3010 provincias,
601 2949 861 3008 quarum
911 2926 1112 2983 coloni
1153 2924 1234 2982 ob
1286 2927 1630 2982 restrictam
1674 2945 1849 2982 mer-

181 3015 359 3075 candi
404 3015 757 3077 libertatem
793 3013 1196 3087 rebellanteS,
1244 3012 1475 3072 auxilio
1530 3010 1849 3069 Gallorum

1700 3112 1761 3157 et
