<?xml version="1.0" encoding="UTF-8"?>
<!DOCTYPE html PUBLIC "-//W3C//DTD XHTML 1.0 Transitional//EN"
    "http://www.w3.org/TR/xhtml1/DTD/xhtml1-transitional.dtd">
<html xmlns="http://www.w3.org/1999/xhtml" xml:lang="en" lang="en">
 <head>
  <title>
</title>
<meta http-equiv="Content-Type" content="text/html;charset=utf-8" />
  <meta name='ocr-system' content='tesseract 3.04.00' />
  <meta name='ocr-capabilities' content='ocr_page ocr_carea ocr_par ocr_line ocrx_word'/>
</head>
<body>
  <div class='ocr_page' id='page_1' title='image "./historiauniversa03nagy_0409.png"; bbox 0 0 1940 3672; ppageno 0'>
   <div class='ocr_carea' id='block_1_1' title="bbox 551 174 1652 252">
    <p class='ocr_par' dir='ltr' id='par_1_1' title="bbox 551 174 1652 252">
     <span class='ocr_line' id='line_1_1' title="bbox 551 174 1652 252; baseline 0.002 -20"><span class='ocrx_word' id='word_1_1' title='bbox 551 177 1206 252; x_wconf 77' lang='lat' dir='ltr'>Hungaroram.</span> <span class='ocrx_word' id='word_1_2' title='bbox 1528 174 1652 237; x_wconf 82' lang='grc'>585</span> 
     </span>
    </p>
   </div>
   <div class='ocr_carea' id='block_1_2' title="bbox 47 352 1756 3246">
    <p class='ocr_par' dir='ltr' id='par_1_2' title="bbox 47 352 1756 3246">
     <span class='ocr_line' id='line_1_2' title="bbox 63 352 1741 429; baseline 0.001 -16"><span class='ocrx_word' id='word_1_3' title='bbox 63 354 126 413; x_wconf 89' lang='lat' dir='ltr'>in</span> <span class='ocrx_word' id='word_1_4' title='bbox 173 353 365 410; x_wconf 71' lang='lat' dir='ltr'>Balla</span> <span class='ocrx_word' id='word_1_5' title='bbox 408 354 628 411; x_wconf 65' lang='lat' dir='ltr'>Acorea</span> <span class='ocrx_word' id='word_1_6' title='bbox 661 355 954 411; x_wconf 78' lang='lat' dir='ltr'><em>Andreae</em></span> <span class='ocrx_word' id='word_1_7' title='bbox 988 353 1064 411; x_wconf 93' lang='grc' dir='ltr'>ΙΙ.</span> <span class='ocrx_word' id='word_1_8' title='bbox 1110 374 1274 414; x_wconf 88' lang='lat' dir='ltr'>anno</span> <span class='ocrx_word' id='word_1_9' title='bbox 1345 353 1528 412; x_wconf 83' lang='lat'><strong>1222.</strong></span> <span class='ocrx_word' id='word_1_10' title='bbox 1583 352 1741 429; x_wconf 85' lang='lat' dir='ltr'>lata,</span> 
     </span>
     <span class='ocr_line' id='line_1_3' title="bbox 60 441 1741 522; baseline -0.001 -23"><span class='ocrx_word' id='word_1_11' title='bbox 60 443 394 513; x_wconf 80' lang='lat' dir='ltr'>contentis,</span> <span class='ocrx_word' id='word_1_12' title='bbox 429 441 588 499; x_wconf 87' lang='lat' dir='ltr'>Huic</span> <span class='ocrx_word' id='word_1_13' title='bbox 618 443 811 522; x_wconf 89' lang='lat' dir='ltr'>petito</span> <span class='ocrx_word' id='word_1_14' title='bbox 850 441 1290 522; x_wconf 81' lang='lat' dir='ltr'>Hungarorum</span> <span class='ocrx_word' id='word_1_15' title='bbox 1324 441 1541 499; x_wconf 83' lang='lat' dir='ltr'>annuit</span> <span class='ocrx_word' id='word_1_16' title='bbox 1578 444 1741 499; x_wconf 81' lang='lat' dir='ltr'>Leo-</span> 
     </span>
     <span class='ocr_line' id='line_1_4' title="bbox 47 526 1741 609; baseline 0.002 -27"><span class='ocrx_word' id='word_1_17' title='bbox 47 530 276 605; x_wconf 71' lang='lat' dir='ltr'>polclccs</span> <span class='ocrx_word' id='word_1_18' title='bbox 311 531 392 584; x_wconf 85' lang='lat' dir='ltr'>ita</span> <span class='ocrx_word' id='word_1_19' title='bbox 433 526 866 609; x_wconf 83' lang='lat' dir='ltr'>temperando:</span> <span class='ocrx_word' id='word_1_20' title='bbox 913 542 984 586; x_wconf 93' lang='lat' dir='ltr'>ut</span> <span class='ocrx_word' id='word_1_21' title='bbox 1019 549 1391 588; x_wconf 81' lang='lat' dir='ltr'><strong>successores</strong></span> <span class='ocrx_word' id='word_1_22' title='bbox 1427 526 1505 588; x_wconf 89' lang='lat' dir='ltr'>de</span> <span class='ocrx_word' id='word_1_23' title='bbox 1537 531 1741 587; x_wconf 90' lang='lat' dir='ltr'>omni-</span> 
     </span>
     <span class='ocr_line' id='line_1_5' title="bbox 61 614 1744 697; baseline 0.001 -23"><span class='ocrx_word' id='word_1_24' title='bbox 61 617 172 675; x_wconf 90' lang='lat' dir='ltr'>bus</span> <span class='ocrx_word' id='word_1_25' title='bbox 212 614 418 674; x_wconf 85' lang='lat' dir='ltr'>Bullae</span> <span class='ocrx_word' id='word_1_26' title='bbox 447 636 671 674; x_wconf 82' lang='lat' dir='ltr'>aureae</span> <span class='ocrx_word' id='word_1_27' title='bbox 701 616 1001 697; x_wconf 82' lang='lat' dir='ltr'>capitibus</span> <span class='ocrx_word' id='word_1_28' title='bbox 1025 631 1349 689; x_wconf 74' lang='lat' dir='ltr'><strong>caverent,</strong></span> <span class='ocrx_word' id='word_1_29' title='bbox 1398 614 1603 675; x_wconf 86' lang='lat' dir='ltr'>demta</span> <span class='ocrx_word' id='word_1_30' title='bbox 1640 639 1744 675; x_wconf 85' lang='lat' dir='ltr'>ar-</span> 
     </span>
     <span class='ocr_line' id='line_1_6' title="bbox 65 701 1747 778; baseline 0 -17"><span class='ocrx_word' id='word_1_31' title='bbox 65 701 237 761; x_wconf 83' lang='lat' dir='ltr'>ticuli</span> <span class='ocrx_word' id='word_1_32' title='bbox 275 701 511 759; x_wconf 88' lang='lat' dir='ltr'>XXXI.</span> <span class='ocrx_word' id='word_1_33' title='bbox 550 702 856 776; x_wconf 81' lang='lat' dir='ltr'>clausula,</span> <span class='ocrx_word' id='word_1_34' title='bbox 925 726 960 760; x_wconf 89' lang='lat' dir='ltr'>a</span> <span class='ocrx_word' id='word_1_35' title='bbox 1011 703 1251 762; x_wconf 79' lang='lat' dir='ltr'>verbis:</span> <span class='ocrx_word' id='word_1_36' title='bbox 1319 706 1548 778; x_wconf 74' lang='lat' dir='ltr'>Quodsi</span> <span class='ocrx_word' id='word_1_37' title='bbox 1603 725 1747 762; x_wconf 81' lang='lat' dir='ltr'>vero</span> 
     </span>
     <span class='ocr_line' id='line_1_7' title="bbox 61 793 1749 867; baseline 0.002 -20"><span class='ocrx_word' id='word_1_38' title='bbox 61 812 168 848; x_wconf 82' lang='lat' dir='ltr'>nos</span> <span class='ocrx_word' id='word_1_39' title='bbox 211 800 321 845; x_wconf 77' lang='lat' dir='ltr'>accc</span> <span class='ocrx_word' id='word_1_40' title='bbox 357 794 557 847; x_wconf 78' lang='lat' dir='ltr'><em>nostri</em></span> <span class='ocrx_word' id='word_1_41' title='bbox 591 812 969 847; x_wconf 71' lang='lat' dir='ltr'>successores</span> <span class='ocrx_word' id='word_1_42' title='bbox 1018 793 1170 847; x_wconf 72' lang='lat' dir='ltr'>haec</span> <span class='ocrx_word' id='word_1_43' title='bbox 1227 803 1473 849; x_wconf 71' lang='lat' dir='ltr'>statuta</span> <span class='ocrx_word' id='word_1_44' title='bbox 1519 794 1749 867; x_wconf 76' lang='lat' dir='ltr'>infrin-</span> 
     </span>
     <span class='ocr_line' id='line_1_8' title="bbox 54 881 1749 955; baseline 0.002 -21"><span class='ocrx_word' id='word_1_45' title='bbox 54 887 277 955; x_wconf 77' lang='lat' dir='ltr'>gerent</span> <span class='ocrx_word' id='word_1_46' title='bbox 299 919 315 948; x_wconf 83' lang='lat'>,</span> <span class='ocrx_word' id='word_1_47' title='bbox 361 888 474 932; x_wconf 72' lang='lat' dir='ltr'>aab</span> <span class='ocrx_word' id='word_1_48' title='bbox 492 881 881 935; x_wconf 72' lang='lat' dir='ltr'>contrairent</span> <span class='ocrx_word' id='word_1_49' title='bbox 906 923 920 951; x_wconf 85' lang='grc'>,</span> <span class='ocrx_word' id='word_1_50' title='bbox 949 881 1235 937; x_wconf 71' lang='lat' dir='ltr'>Praelati</span> <span class='ocrx_word' id='word_1_51' title='bbox 1272 892 1332 936; x_wconf 79' lang='lat' dir='ltr'>et</span> <span class='ocrx_word' id='word_1_52' title='bbox 1356 881 1601 938; x_wconf 79' lang='lat' dir='ltr'>Nobiles</span> <span class='ocrx_word' id='word_1_53' title='bbox 1626 901 1749 938; x_wconf 81' lang='lat' dir='ltr'>non</span> 
     </span>
     <span class='ocr_line' id='line_1_9' title="bbox 65 969 1750 1040; baseline 0.002 -19"><span class='ocrx_word' id='word_1_54' title='bbox 65 976 311 1021; x_wconf 76' lang='lat' dir='ltr'>tantam</span> <span class='ocrx_word' id='word_1_55' title='bbox 349 969 844 1040; x_wconf 71' lang='lat' dir='ltr'>contradicendi,</span> <span class='ocrx_word' id='word_1_56' title='bbox 893 970 1002 1024; x_wconf 78' lang='lat' dir='ltr'>sed</span> <span class='ocrx_word' id='word_1_57' title='bbox 1033 969 1222 1023; x_wconf 76' lang='lat' dir='ltr'>etiam</span> <span class='ocrx_word' id='word_1_58' title='bbox 1262 971 1583 1025; x_wconf 77' lang='lat' dir='ltr'>sesistencli</span> <span class='ocrx_word' id='word_1_59' title='bbox 1622 970 1750 1025; x_wconf 75' lang='lat' dir='ltr'>Iza-</span> 
     </span>
     <span class='ocr_line' id='line_1_10' title="bbox 61 1053 1751 1131; baseline 0.002 -22"><span class='ocrx_word' id='word_1_60' title='bbox 61 1054 238 1109; x_wconf 76' lang='lat' dir='ltr'>beant</span> <span class='ocrx_word' id='word_1_61' title='bbox 271 1053 658 1126; x_wconf 74' lang='lat' dir='ltr'>facultatem</span> <span class='ocrx_word' id='word_1_62' title='bbox 697 1056 762 1110; x_wconf 80' lang='lat' dir='ltr'>z‘tz</span> <span class='ocrx_word' id='word_1_63' title='bbox 785 1066 1181 1129; x_wconf 78' lang='lat' dir='ltr'>perpetuam,</span> <span class='ocrx_word' id='word_1_64' title='bbox 1206 1058 1356 1131; x_wconf 69' lang='lat' dir='ltr'>quin</span> <span class='ocrx_word' id='word_1_65' title='bbox 1390 1067 1604 1114; x_wconf 83' lang='lat' dir='ltr'>notam</span> <span class='ocrx_word' id='word_1_66' title='bbox 1644 1059 1751 1113; x_wconf 80' lang='lat' dir='ltr'>in-</span> 
     </span>
     <span class='ocr_line' id='line_1_11' title="bbox 50 1140 1754 1224; baseline 0.002 -27"><span class='ocrx_word' id='word_1_67' title='bbox 50 1140 388 1217; x_wconf 71' lang='lat' dir='ltr'>fidelitatis</span> <span class='ocrx_word' id='word_1_68' title='bbox 434 1143 782 1200; x_wconf 75' lang='lat' dir='ltr'>incurrant.</span> <span class='ocrx_word' id='word_1_69' title='bbox 830 1142 995 1201; x_wconf 86' lang='lat' dir='ltr'>Haec</span> <span class='ocrx_word' id='word_1_70' title='bbox 1029 1144 1217 1224; x_wconf 80' lang='lat' dir='ltr'>igitur</span> <span class='ocrx_word' id='word_1_71' title='bbox 1235 1142 1499 1202; x_wconf 89' lang='lat' dir='ltr'>clausula</span> <span class='ocrx_word' id='word_1_72' title='bbox 1537 1144 1754 1201; x_wconf 89' lang='lat' dir='ltr'>unani-</span> 
     </span>
     <span class='ocr_line' id='line_1_12' title="bbox 65 1228 1752 1298; baseline 0.005 -17"><span class='ocrx_word' id='word_1_73' title='bbox 65 1228 150 1298; x_wconf 84' lang='lat' dir='ltr'>mi</span> <span class='ocrx_word' id='word_1_74' title='bbox 213 1246 510 1286; x_wconf 88' lang='lat' dir='ltr'>consensu</span> <span class='ocrx_word' id='word_1_75' title='bbox 565 1230 890 1288; x_wconf 84' lang='lat' dir='ltr'>obliterata</span> <span class='ocrx_word' id='word_1_76' title='bbox 923 1244 1028 1289; x_wconf 84' lang='lat' dir='ltr'>est.</span> <span class='ocrx_word' id='word_1_77' title='bbox 1085 1230 1323 1289; x_wconf 84' lang='lat' dir='ltr'>Verum</span> <span class='ocrx_word' id='word_1_78' title='bbox 1355 1228 1507 1289; x_wconf 86' lang='lat' dir='ltr'>haec</span> <span class='ocrx_word' id='word_1_79' title='bbox 1540 1252 1752 1291; x_wconf 90' lang='lat' dir='ltr'>succe-</span> 
     </span>
     <span class='ocr_line' id='line_1_13' title="bbox 66 1311 1752 1379; baseline 0.004 -7"><span class='ocrx_word' id='word_1_80' title='bbox 66 1311 252 1373; x_wconf 85' lang='lat' dir='ltr'>dendi</span> <span class='ocrx_word' id='word_1_81' title='bbox 291 1317 451 1374; x_wconf 83' lang='lat' dir='ltr'>ratio</span> <span class='ocrx_word' id='word_1_82' title='bbox 498 1316 678 1378; x_wconf 83' lang='lat' dir='ltr'>brevi</span> <span class='ocrx_word' id='word_1_83' title='bbox 697 1330 925 1375; x_wconf 84' lang='lat' dir='ltr'>mutata</span> <span class='ocrx_word' id='word_1_84' title='bbox 965 1331 1054 1377; x_wconf 88' lang='lat' dir='ltr'>est</span> <span class='ocrx_word' id='word_1_85' title='bbox 1077 1316 1192 1376; x_wconf 89' lang='lat' dir='ltr'>sub</span> <span class='ocrx_word' id='word_1_86' title='bbox 1235 1320 1456 1376; x_wconf 80' lang='lat' dir='ltr'>Carolo</span> <span class='ocrx_word' id='word_1_87' title='bbox 1475 1320 1600 1379; x_wconf 90' lang='lat' dir='ltr'><em>III.</em></span> <span class='ocrx_word' id='word_1_88' title='bbox 1626 1319 1752 1379; x_wconf 85' lang='lat' dir='ltr'>Re-</span> 
     </span>
     <span class='ocr_line' id='line_1_14' title="bbox 60 1398 1752 1484; baseline 0.004 -24"><span class='ocrx_word' id='word_1_89' title='bbox 60 1423 170 1484; x_wconf 82' lang='lat' dir='ltr'>ge,</span> <span class='ocrx_word' id='word_1_90' title='bbox 204 1398 376 1483; x_wconf 87' lang='lat' dir='ltr'>cujus</span> <span class='ocrx_word' id='word_1_91' title='bbox 411 1402 838 1465; x_wconf 79' lang='lat' dir='ltr'>benevolentia</span> <span class='ocrx_word' id='word_1_92' title='bbox 866 1406 1069 1463; x_wconf 87' lang='lat' dir='ltr'>Status</span> <span class='ocrx_word' id='word_1_93' title='bbox 1103 1417 1165 1465; x_wconf 88' lang='lat' dir='ltr'>et</span> <span class='ocrx_word' id='word_1_94' title='bbox 1193 1403 1457 1464; x_wconf 85' lang='lat' dir='ltr'>Ordines</span> <span class='ocrx_word' id='word_1_95' title='bbox 1478 1408 1752 1466; x_wconf 87' lang='lat' dir='ltr'>unanimi</span> 
     </span>
     <span class='ocr_line' id='line_1_15' title="bbox 57 1490 1750 1576; baseline 0.003 -28"><span class='ocrx_word' id='word_1_96' title='bbox 57 1503 204 1548; x_wconf 81' lang='lat' dir='ltr'>voto</span> <span class='ocrx_word' id='word_1_97' title='bbox 244 1493 529 1570; x_wconf 83' lang='lat' dir='ltr'>permoti,</span> <span class='ocrx_word' id='word_1_98' title='bbox 580 1514 775 1574; x_wconf 88' lang='lat' dir='ltr'>quum</span> <span class='ocrx_word' id='word_1_99' title='bbox 800 1495 929 1575; x_wconf 87' lang='lat' dir='ltr'>ipse</span> <span class='ocrx_word' id='word_1_100' title='bbox 955 1490 1083 1551; x_wconf 90' lang='lat' dir='ltr'>filio</span> <span class='ocrx_word' id='word_1_101' title='bbox 1106 1507 1366 1565; x_wconf 82' lang='lat' dir='ltr'>careret,</span> <span class='ocrx_word' id='word_1_102' title='bbox 1415 1494 1478 1550; x_wconf 94' lang='lat' dir='ltr'>in</span> <span class='ocrx_word' id='word_1_103' title='bbox 1505 1495 1750 1576; x_wconf 78' lang='lat' dir='ltr'>primo-</span> 
     </span>
     <span class='ocr_line' id='line_1_16' title="bbox 60 1576 1747 1660; baseline 0.002 -24"><span class='ocrx_word' id='word_1_104' title='bbox 60 1579 324 1659; x_wconf 80' lang='lat' dir='ltr'>genitam</span> <span class='ocrx_word' id='word_1_105' title='bbox 366 1576 494 1660; x_wconf 83' lang='lat' dir='ltr'>ejus</span> <span class='ocrx_word' id='word_1_106' title='bbox 519 1578 709 1639; x_wconf 89' lang='lat' dir='ltr'>filiam</span> <span class='ocrx_word' id='word_1_107' title='bbox 742 1582 1024 1638; x_wconf 80' lang='lat' dir='ltr'>Mariam</span> <span class='ocrx_word' id='word_1_108' title='bbox 1067 1582 1422 1638; x_wconf 66' lang='lat' dir='ltr'>Therasiam</span> <span class='ocrx_word' id='word_1_109' title='bbox 1460 1578 1747 1642; x_wconf 84' lang='lat' dir='ltr'>haeredi-</span> 
     </span>
     <span class='ocr_line' id='line_1_17' title="bbox 59 1661 1743 1751; baseline 0.004 -28"><span class='ocrx_word' id='word_1_110' title='bbox 59 1665 286 1723; x_wconf 82' lang='lat' dir='ltr'>tarium</span> <span class='ocrx_word' id='word_1_111' title='bbox 308 1661 401 1745; x_wconf 78' lang='lat' dir='ltr'>jus</span> <span class='ocrx_word' id='word_1_112' title='bbox 425 1669 489 1726; x_wconf 90' lang='lat' dir='ltr'>in</span> <span class='ocrx_word' id='word_1_113' title='bbox 506 1669 827 1750; x_wconf 82' lang='lat' dir='ltr'>Hungaria</span> <span class='ocrx_word' id='word_1_114' title='bbox 864 1682 925 1728; x_wconf 89' lang='lat' dir='ltr'>et</span> <span class='ocrx_word' id='word_1_115' title='bbox 948 1668 1229 1751; x_wconf 82' lang='lat' dir='ltr'>partibus</span> <span class='ocrx_word' id='word_1_116' title='bbox 1249 1666 1501 1728; x_wconf 75' lang='lat' dir='ltr'>adnexis</span> <span class='ocrx_word' id='word_1_117' title='bbox 1534 1690 1743 1729; x_wconf 90' lang='lat' dir='ltr'>succe-</span> 
     </span>
     <span class='ocr_line' id='line_1_18' title="bbox 60 1751 1750 1839; baseline 0.002 -28"><span class='ocrx_word' id='word_1_118' title='bbox 60 1751 245 1812; x_wconf 87' lang='lat' dir='ltr'>dendi</span> <span class='ocrx_word' id='word_1_119' title='bbox 293 1756 739 1815; x_wconf 81' lang='lat' dir='ltr'>transtulerunt</span> <span class='ocrx_word' id='word_1_120' title='bbox 786 1758 899 1815; x_wconf 85' lang='lat' dir='ltr'>ita:</span> <span class='ocrx_word' id='word_1_121' title='bbox 944 1769 1014 1814; x_wconf 89' lang='lat' dir='ltr'>ut</span> <span class='ocrx_word' id='word_1_122' title='bbox 1047 1758 1109 1815; x_wconf 90' lang='lat' dir='ltr'>in</span> <span class='ocrx_word' id='word_1_123' title='bbox 1156 1753 1336 1839; x_wconf 88' lang='lat' dir='ltr'>hujus</span> <span class='ocrx_word' id='word_1_124' title='bbox 1369 1755 1610 1816; x_wconf 84' lang='lat' dir='ltr'>defectu</span> <span class='ocrx_word' id='word_1_125' title='bbox 1641 1759 1750 1815; x_wconf 85' lang='lat' dir='ltr'>Jo-</span> 
     </span>
     <span class='ocr_line' id='line_1_19' title="bbox 67 1842 1752 1923; baseline 0.004 -25"><span class='ocrx_word' id='word_1_126' title='bbox 67 1842 244 1916; x_wconf 65' lang='lat' dir='ltr'>sephi</span> <span class='ocrx_word' id='word_1_127' title='bbox 292 1843 333 1897; x_wconf 91' lang='grc' dir='ltr'>Ι.</span> <span class='ocrx_word' id='word_1_128' title='bbox 375 1864 488 1923; x_wconf 84' lang='lat' dir='ltr'>per</span> <span class='ocrx_word' id='word_1_129' title='bbox 526 1846 811 1901; x_wconf 76' lang='lat' dir='ltr'>Mariam</span> <span class='ocrx_word' id='word_1_130' title='bbox 850 1846 1181 1919; x_wconf 72' lang='lat' dir='ltr'>Joseplzam</span> <span class='ocrx_word' id='word_1_131' title='bbox 1212 1845 1273 1903; x_wconf 86' lang='lat' dir='ltr'>in</span> <span class='ocrx_word' id='word_1_132' title='bbox 1307 1844 1509 1904; x_wconf 89' lang='lat' dir='ltr'>Domo</span> <span class='ocrx_word' id='word_1_133' title='bbox 1556 1846 1752 1905; x_wconf 79' lang='lat' dir='ltr'>Saxo-</span> 
     </span>
     <span class='ocr_line' id='line_1_20' title="bbox 60 1927 1750 2007; baseline 0.003 -20"><span class='ocrx_word' id='word_1_134' title='bbox 60 1930 227 1988; x_wconf 88' lang='lat' dir='ltr'>nica:</span> <span class='ocrx_word' id='word_1_135' title='bbox 267 1927 383 1986; x_wconf 89' lang='lat' dir='ltr'>illis</span> <span class='ocrx_word' id='word_1_136' title='bbox 430 1952 580 1990; x_wconf 84' lang='lat' dir='ltr'>vero</span> <span class='ocrx_word' id='word_1_137' title='bbox 623 1929 1051 1992; x_wconf 85' lang='lat' dir='ltr'>deficientibus</span> <span class='ocrx_word' id='word_1_138' title='bbox 1079 1977 1094 2004; x_wconf 89' lang='lat'>,</span> <span class='ocrx_word' id='word_1_139' title='bbox 1141 1934 1438 2007; x_wconf 79' lang='lat' dir='ltr'>Leopoldi</span> <span class='ocrx_word' id='word_1_140' title='bbox 1459 1933 1543 1993; x_wconf 87' lang='lat' dir='ltr'>M.</span> <span class='ocrx_word' id='word_1_141' title='bbox 1593 1930 1750 1992; x_wconf 83' lang='lat' dir='ltr'>filia-</span> 
     </span>
     <span class='ocr_line' id='line_1_21' title="bbox 61 2015 1756 2102; baseline 0.002 -27"><span class='ocrx_word' id='word_1_142' title='bbox 61 2039 206 2075; x_wconf 85' lang='lat' dir='ltr'>rum</span> <span class='ocrx_word' id='word_1_143' title='bbox 278 2015 544 2097; x_wconf 81' lang='lat' dir='ltr'>legitimi</span> <span class='ocrx_word' id='word_1_144' title='bbox 611 2016 899 2079; x_wconf 85' lang='lat' dir='ltr'>haeredes</span> <span class='ocrx_word' id='word_1_145' title='bbox 951 2042 1064 2102; x_wconf 84' lang='lat' dir='ltr'>per</span> <span class='ocrx_word' id='word_1_146' title='bbox 1129 2023 1417 2078; x_wconf 38' lang='lat' dir='ltr'>*Mariam</span> <span class='ocrx_word' id='word_1_147' title='bbox 1499 2022 1756 2079; x_wconf 78' lang='lat' dir='ltr'>Annam</span> 
     </span>
     <span class='ocr_line' id='line_1_22' title="bbox 63 2105 1746 2191; baseline 0.003 -29"><span class='ocrx_word' id='word_1_148' title='bbox 63 2107 129 2162; x_wconf 92' lang='lat' dir='ltr'>in</span> <span class='ocrx_word' id='word_1_149' title='bbox 179 2105 377 2164; x_wconf 88' lang='lat' dir='ltr'>Domo</span> <span class='ocrx_word' id='word_1_150' title='bbox 414 2107 762 2167; x_wconf 86' lang='lat' dir='ltr'>Lusitanica</span> <span class='ocrx_word' id='word_1_151' title='bbox 820 2105 1083 2166; x_wconf 85' lang='lat' dir='ltr'>habeant</span> <span class='ocrx_word' id='word_1_152' title='bbox 1140 2105 1234 2188; x_wconf 81' lang='lat' dir='ltr'>jus</span> <span class='ocrx_word' id='word_1_153' title='bbox 1300 2109 1363 2167; x_wconf 85' lang='lat' dir='ltr'>in</span> <span class='ocrx_word' id='word_1_154' title='bbox 1424 2107 1746 2191; x_wconf 81' lang='lat' dir='ltr'>Hungaria</span> 
     </span>
     <span class='ocr_line' id='line_1_23' title="bbox 60 2191 1752 2277; baseline 0.001 -24"><span class='ocrx_word' id='word_1_155' title='bbox 60 2191 441 2253; x_wconf 87' lang='lat' dir='ltr'>succedendi.</span> <span class='ocrx_word' id='word_1_156' title='bbox 507 2192 880 2276; x_wconf 73' lang='lat' dir='ltr'>Huiusmodi</span> <span class='ocrx_word' id='word_1_157' title='bbox 932 2192 1025 2277; x_wconf 88' lang='lat' dir='ltr'>jus</span> <span class='ocrx_word' id='word_1_158' title='bbox 1078 2193 1321 2254; x_wconf 88' lang='lat' dir='ltr'>feminis</span> <span class='ocrx_word' id='word_1_159' title='bbox 1374 2197 1559 2254; x_wconf 86' lang='lat' dir='ltr'>etiam</span> <span class='ocrx_word' id='word_1_160' title='bbox 1612 2217 1752 2256; x_wconf 89' lang='lat' dir='ltr'>suc-</span> 
     </span>
     <span class='ocr_line' id='line_1_24' title="bbox 61 2279 1752 2343; baseline 0.001 -3"><span class='ocrx_word' id='word_1_161' title='bbox 61 2279 319 2342; x_wconf 82' lang='lat' dir='ltr'>cedendi</span> <span class='ocrx_word' id='word_1_162' title='bbox 359 2284 422 2340; x_wconf 90' lang='lat' dir='ltr'>in</span> <span class='ocrx_word' id='word_1_163' title='bbox 467 2305 677 2343; x_wconf 87' lang='lat' dir='ltr'>omnes</span> <span class='ocrx_word' id='word_1_164' title='bbox 698 2281 1132 2343; x_wconf 78' lang='lat' dir='ltr'>haereditarias</span> <span class='ocrx_word' id='word_1_165' title='bbox 1164 2281 1430 2342; x_wconf 88' lang='lat' dir='ltr'>ditiones</span> <span class='ocrx_word' id='word_1_166' title='bbox 1464 2283 1752 2343; x_wconf 81' lang='lat' dir='ltr'>Austria—</span> 
     </span>
     <span class='ocr_line' id='line_1_25' title="bbox 63 2370 1748 2454; baseline 0.002 -26"><span class='ocrx_word' id='word_1_167' title='bbox 63 2390 162 2429; x_wconf 89' lang='lat' dir='ltr'>cas</span> <span class='ocrx_word' id='word_1_168' title='bbox 216 2382 553 2444; x_wconf 83' lang='lat' dir='ltr'>assertum,</span> <span class='ocrx_word' id='word_1_169' title='bbox 616 2370 854 2431; x_wconf 83' lang='lat' dir='ltr'>solenni</span> <span class='ocrx_word' id='word_1_170' title='bbox 911 2370 1242 2454; x_wconf 85' lang='lat' dir='ltr'>diplomate</span> <span class='ocrx_word' id='word_1_171' title='bbox 1315 2382 1448 2430; x_wconf 78' lang='lat' dir='ltr'>erat</span> <span class='ocrx_word' id='word_1_172' title='bbox 1515 2372 1748 2431; x_wconf 81' lang='lat' dir='ltr'>confir-</span> 
     </span>
     <span class='ocr_line' id='line_1_26' title="bbox 60 2457 1750 2542; baseline 0.001 -26"><span class='ocrx_word' id='word_1_173' title='bbox 60 2471 330 2531; x_wconf 76' lang='lat' dir='ltr'>matum,</span> <span class='ocrx_word' id='word_1_174' title='bbox 363 2457 532 2541; x_wconf 87' lang='lat' dir='ltr'>quod</span> <span class='ocrx_word' id='word_1_175' title='bbox 569 2459 852 2541; x_wconf 85' lang='lat' dir='ltr'>Diploma</span> <span class='ocrx_word' id='word_1_176' title='bbox 873 2462 1125 2518; x_wconf 79' lang='lat' dir='ltr'>Sanctio</span> <span class='ocrx_word' id='word_1_177' title='bbox 1173 2461 1584 2536; x_wconf 73' lang='lat' dir='ltr'>Prccgmaciea</span> <span class='ocrx_word' id='word_1_178' title='bbox 1624 2483 1750 2542; x_wconf 87' lang='lat' dir='ltr'>ap-</span> 
     </span>
     <span class='ocr_line' id='line_1_27' title="bbox 61 2544 1745 2629; baseline -0.001 -24"><span class='ocrx_word' id='word_1_179' title='bbox 61 2544 361 2629; x_wconf 77' lang='lat' dir='ltr'>pellatur:</span> <span class='ocrx_word' id='word_1_180' title='bbox 408 2560 594 2628; x_wconf 82' lang='lat' dir='ltr'>atque</span> <span class='ocrx_word' id='word_1_181' title='bbox 662 2546 809 2607; x_wconf 86' lang='lat' dir='ltr'>haec</span> <span class='ocrx_word' id='word_1_182' title='bbox 878 2550 1040 2607; x_wconf 83' lang='lat' dir='ltr'>inter</span> <span class='ocrx_word' id='word_1_183' title='bbox 1078 2567 1290 2606; x_wconf 89' lang='lat' dir='ltr'>omnes</span> <span class='ocrx_word' id='word_1_184' title='bbox 1326 2548 1497 2605; x_wconf 85' lang='lat' dir='ltr'>Juris</span> <span class='ocrx_word' id='word_1_185' title='bbox 1524 2549 1745 2607; x_wconf 84' lang='lat' dir='ltr'>Publi-</span> 
     </span>
     <span class='ocr_line' id='line_1_28' title="bbox 61 2634 1748 2717; baseline 0.002 -26"><span class='ocrx_word' id='word_1_186' title='bbox 61 2636 117 2691; x_wconf 88' lang='lat' dir='ltr'>ci</span> <span class='ocrx_word' id='word_1_187' title='bbox 159 2636 620 2694; x_wconf 81' lang='lat' dir='ltr'>constitutiones</span> <span class='ocrx_word' id='word_1_188' title='bbox 657 2634 1059 2695; x_wconf 81' lang='lat' dir='ltr'>celeberrima</span> <span class='ocrx_word' id='word_1_189' title='bbox 1099 2648 1204 2695; x_wconf 85' lang='lat' dir='ltr'>est.</span> <span class='ocrx_word' id='word_1_190' title='bbox 1249 2635 1414 2693; x_wconf 89' lang='lat' dir='ltr'>Hinc</span> <span class='ocrx_word' id='word_1_191' title='bbox 1450 2638 1748 2717; x_wconf 88' lang='lat' dir='ltr'>quoniam</span> 
     </span>
     <span class='ocr_line' id='line_1_29' title="bbox 61 2721 1753 2806; baseline 0.001 -26"><span class='ocrx_word' id='word_1_192' title='bbox 61 2721 243 2780; x_wconf 87' lang='lat' dir='ltr'>Natio</span> <span class='ocrx_word' id='word_1_193' title='bbox 290 2724 587 2805; x_wconf 82' lang='lat' dir='ltr'>Hungara</span> <span class='ocrx_word' id='word_1_194' title='bbox 629 2721 848 2783; x_wconf 85' lang='lat' dir='ltr'>habeat</span> <span class='ocrx_word' id='word_1_195' title='bbox 906 2725 1236 2806; x_wconf 77' lang='lat' dir='ltr'>regiminis</span> <span class='ocrx_word' id='word_1_196' title='bbox 1290 2721 1556 2781; x_wconf 80' lang='lat' dir='ltr'>formam</span> <span class='ocrx_word' id='word_1_197' title='bbox 1609 2724 1753 2782; x_wconf 85' lang='lat' dir='ltr'>Mo—</span> 
     </span>
     <span class='ocr_line' id='line_1_30' title="bbox 62 2807 1754 2894; baseline -0.002 -23"><span class='ocrx_word' id='word_1_198' title='bbox 62 2807 415 2871; x_wconf 86' lang='lat' dir='ltr'>narchicam</span> <span class='ocrx_word' id='word_1_199' title='bbox 482 2812 724 2894; x_wconf 80' lang='lat' dir='ltr'>legibus</span> <span class='ocrx_word' id='word_1_200' title='bbox 805 2823 866 2870; x_wconf 88' lang='lat' dir='ltr'>et</span> <span class='ocrx_word' id='word_1_201' title='bbox 969 2809 1510 2871; x_wconf 86' lang='lat' dir='ltr'>constitutionibus</span> <span class='ocrx_word' id='word_1_202' title='bbox 1594 2824 1754 2870; x_wconf 89' lang='lat' dir='ltr'>tem-</span> 
     </span>
     <span class='ocr_line' id='line_1_31' title="bbox 66 2896 1754 2983; baseline 0 -25"><span class='ocrx_word' id='word_1_203' title='bbox 66 2908 342 2983; x_wconf 83' lang='lat' dir='ltr'>peratam</span> <span class='ocrx_word' id='word_1_204' title='bbox 366 2942 383 2970; x_wconf 84' lang='lat'>‚</span> <span class='ocrx_word' id='word_1_205' title='bbox 472 2900 768 2960; x_wconf 85' lang='lat' dir='ltr'>brevibus</span> <span class='ocrx_word' id='word_1_206' title='bbox 841 2897 1178 2960; x_wconf 81' lang='lat' dir='ltr'>observare</span> <span class='ocrx_word' id='word_1_207' title='bbox 1251 2896 1545 2958; x_wconf 88' lang='lat' dir='ltr'>debemus</span> <span class='ocrx_word' id='word_1_208' title='bbox 1631 2900 1754 2958; x_wconf 90' lang='lat' dir='ltr'>Le-</span> 
     </span>
     <span class='ocr_line' id='line_1_32' title="bbox 67 2987 1753 3068; baseline 0 -23"><span class='ocrx_word' id='word_1_209' title='bbox 67 3007 207 3068; x_wconf 76' lang='lat' dir='ltr'>gem</span> <span class='ocrx_word' id='word_1_210' title='bbox 303 3007 427 3044; x_wconf 93' lang='lat' dir='ltr'>non</span> <span class='ocrx_word' id='word_1_211' title='bbox 518 3010 644 3050; x_wconf 87' lang='lat' dir='ltr'>esse</span> <span class='ocrx_word' id='word_1_212' title='bbox 717 2988 1229 3048; x_wconf 85' lang='lat' dir='ltr'>Constitutionem</span> <span class='ocrx_word' id='word_1_213' title='bbox 1273 3010 1288 3061; x_wconf 82' lang='lat'>3</span> <span class='ocrx_word' id='word_1_214' title='bbox 1376 2987 1509 3046; x_wconf 76' lang='lat' dir='ltr'>Lex</span> <span class='ocrx_word' id='word_1_215' title='bbox 1580 2989 1753 3046; x_wconf 87' lang='lat' dir='ltr'>enim</span> 
     </span>
     <span class='ocr_line' id='line_1_33' title="bbox 65 3072 1748 3140; baseline 0 -7"><span class='ocrx_word' id='word_1_216' title='bbox 65 3074 258 3134; x_wconf 89' lang='lat' dir='ltr'>omnis</span> <span class='ocrx_word' id='word_1_217' title='bbox 305 3072 488 3136; x_wconf 87' lang='lat' dir='ltr'>debet</span> <span class='ocrx_word' id='word_1_218' title='bbox 529 3098 653 3139; x_wconf 90' lang='lat' dir='ltr'>esse</span> <span class='ocrx_word' id='word_1_219' title='bbox 700 3079 764 3136; x_wconf 89' lang='lat' dir='ltr'>in</span> <span class='ocrx_word' id='word_1_220' title='bbox 810 3078 1049 3140; x_wconf 84' lang='lat' dir='ltr'>ratione</span> <span class='ocrx_word' id='word_1_221' title='bbox 1091 3095 1339 3136; x_wconf 83' lang='lat' dir='ltr'>morum</span> <span class='ocrx_word' id='word_1_222' title='bbox 1385 3087 1447 3136; x_wconf 85' lang='lat' dir='ltr'>et</span> <span class='ocrx_word' id='word_1_223' title='bbox 1502 3073 1748 3133; x_wconf 84' lang='lat' dir='ltr'>cultura</span> 
     </span>
     <span class='ocr_line' id='line_1_34' title="bbox 758 3163 1653 3246; baseline 0.002 -26"><span class='ocrx_word' id='word_1_224' title='bbox 758 3163 792 3220; x_wconf 77' lang='lat' dir='ltr'><strong><em>b</em></strong></span> <span class='ocrx_word' id='word_1_225' title='bbox 837 3164 873 3220; x_wconf 77' lang='lat' dir='ltr'><em>b</em></span> <span class='ocrx_word' id='word_1_226' title='bbox 1503 3182 1653 3246; x_wconf 76' lang='lat' dir='ltr'>gen-</span> 
     </span>
    </p>
   </div>
  </div>
 </body>
</html>
