1940 3672
236 198 354 259 162
770 202 1170 259 Historia

146 379 362 455 duxit,
409 402 668 463 eamque
714 381 786 460 c)
833 379 1109 440 felicibus
1139 377 1389 462 proeliis
1435 373 1832 458 subjugavit,

148 492 280 552 quo
307 483 511 528 tamen
546 467 688 527 inde
718 489 990 542 reverse,
1035 467 1352 526 Britannia
1386 464 1588 525 denuo
1615 467 1710 523 sui
1734 462 1845 542 lu*

151 558 236 617 ris
269 556 425 614 facta
453 569 576 615 est:
624 576 820 636 usque
874 552 950 612 ad
1007 557 1350 636 Imperium
1412 556 1654 613 Claudii
1708 552 1834 610 Im—

151 646 486 730 peratoris,
534 644 642 724 qui
681 639 982 720 majorem
1039 641 1272 701 insulae
1316 654 1557 724 partem
1597 640 1835 698 Roma—

153 735 248 791 nis
279 728 573 810 subjecit3
620 750 746 810 quo
769 729 1112 809 imperante
1140 733 1423 788 Voaclica
1459 730 1702 811 generis
1734 748 1834 786 re—

154 821 238 901 gii
277 818 503 878 femina
525 814 699 888 duce,
736 816 1010 874 universi
1048 814 1279 875 bellum
1320 830 1707 890 sumserunt,
1753 814 1834 893 cl)

151 930 184 965 a
225 928 350 988 quo
402 919 683 986 tempore
730 904 918 960 variis
955 902 1154 962 turbis
1192 907 1400 985 agitati
1434 905 1835 963 inclarescere

152 1005 526 1076 coeperunt,
574 990 717 1050 lieet
766 1014 800 1048 a
869 992 1124 1049 Claudio
1182 993 1243 1049 in
1277 991 1654 1053 deditionem
1704 990 1838 1050 fue-

156 1085 285 1142 rint
324 1081 594 1163 recepti,
664 1100 844 1161 saepe
902 1092 1106 1138 tamen
1152 1082 1331 1139 novis
1397 1079 1840 1140 rebellionibus

156 1171 468 1230 Romanos
502 1181 838 1240 vexarunt,
886 1168 995 1248 qui
1040 1165 1263 1226 an.Ch.
1317 1169 1415 1228 50.
1469 1169 1838 1225 Camaloclu-

159 1280 304 1316 nam
351 1255 761 1337 (Colcestria)
808 1268 1245 1315 veteranorum
1278 1255 1582 1315 coloniam
1634 1276 1706 1314 eo
1734 1252 1842 1311 ad-

162 1345 478 1405 duxerunt
499 1388 514 1417 ‚
559 1355 629 1401 ut
664 1345 1071 1414 Caracta'tam
1109 1341 1328 1404 ducem
1357 1342 1712 1403 rebellionis
1744 1363 1843 1400 ca-

162 1447 343 1517 ptum
395 1432 658 1490 Romam
692 1432 1026 1490 mitterent.
1089 1431 1325 1491 Verum
1351 1453 1672 1513 nunquam
1704 1450 1847 1509 gra-

165 1523 302 1580 vius
339 1517 629 1577 damnum
659 1541 692 1575 a
727 1519 1039 1579 Britannis
1105 1533 1482 1601 acceperunt
1541 1519 1841 1589 Romani,

167 1629 354 1690 quam
398 1631 448 1664 a.
499 1609 596 1667 61.
647 1627 788 1663 nam
848 1627 994 1685 gens
1053 1609 1260 1666 nimiis
1307 1606 1726 1667 exactionibus
1787 1618 1850 1664 et

169 1697 426 1755 avaritia
477 1697 737 1752 Senecae
770 1692 1026 1768 afflicta,
1075 1717 1188 1777 per
1246 1698 1593 1754 Voczclicczm
1637 1693 1852 1752 Iceno-

169 1808 312 1845 rum
357 1784 520 1863 regis
559 1780 807 1840 viduam
853 1785 1114 1842 excitata
1139 1827 1155 1855 ,
1231 1784 1713 1842 Camaloclzmum
1746 1801 1855 1839 ex-

173 1872 324 1932 cidit
343 1917 358 1947 ,
402 1870 826 1929 Romanorum
849 1890 1003 1930 vero
1032 1884 1093 1930 et
1133 1871 1460 1930 Sociorum
1490 1868 1566 1926 ad
1592 1871 1690 1927 70.
1715 1867 1854 1925 mil—

179 1961 259 2019 lia
304 1957 668 2032 trucidavit3
714 1957 802 2036 a)
848 1979 1034 2038 quam
1091 1956 1345 2040 quidem
1396 1955 1632 2016 cladem
1672 1955 1853 2016 brevi

184 2050 506 2107 Suetonius
545 2047 870 2104 Paullinas
923 2044 1294 2105 vindicabat.
1348 2050 1411 2105 V
1409 2048 1690 2103 oacllcam
1718 2064 1860 2101 cru-

195 2151 338 2197 ento
375 2133 614 2218 proelio
644 2155 958 2215 superanS,
1003 2132 1109 2194 sed
1141 2148 1344 2194 tamen
1391 2133 1622 2193 bellum
1656 2131 1860 2191 denuo

187 2247 237 2283 a.
290 2226 386 2282 78.
436 2220 797 2294 recruduit,
839 2244 965 2304 quo
999 2237 1279 2305 tempore
1320 2225 1525 2279 Julius
1559 2223 1862 2298 Agricola

186 2314 250 2370 in
288 2312 675 2370 Britanniam
719 2311 934 2369 missus
958 2357 974 2387 ,
1004 2309 1231 2369 difficili
1267 2309 1432 2369 bello
1466 2307 1721 2368 rebelles
1745 2307 1868 2367 fre-

188 2401 296 2483 git,
331 2413 648 2481 totamque
682 2397 941 2458 insulam
965 2420 1104 2459 cum
1128 2399 1348 2458 vicinis
1383 2396 1740 2480 regionibus
1758 2419 1865 2454 an-

1679 2495 1778 2544 tea

256 2699 292 2730 a
311 2678 560 2800 )(l}aesar.l
592 2679 652 2730 L.
692 2678 740 2729 4.
763 2688 830 2799 Ξ
882 2677 947 2796 ὀὶ)
965 2676 1058 2798 (1113Γ
1080 2676 1204 2755 bell.
1237 2677 1374 2755 Gall.
1431 2675 1604 2774 Tacit.
1666 2675 1720 2726 in
1756 2677 1867 2796 νέω

331 2765 726 2870 υῗὲἷὲιὲῗὶῑιῖὲ
756 2818 812 2870 in
831 2746 1293 2868 ·Clagdio³{02}·47!s¹
1309 2756 1430 2868 liii?
1446 2749 1737 2871 (1ἶὲὲῖιῖὲῇ
1777 2749 1865 2870 632

345 2889 522 2939 Tacit.
567 2888 629 2940 L.
666 2887 748 2940 12.
786 2886 976 2940 Anual.
1010 2907 1054 2937 c.
1091 2884 1174 2937 32.
1191 2903 1301 2956 seq.
1374 2885 1425 2956 e)
1466 2885 1643 2957 Tacit.
1689 2886 1747 2938 L.
1788 2883 1868 2935 14.

345 2958 536 3010 Annal.
582 2978 626 3009 c.
683 2957 768 3011 31.
811 2966 864 3008 et
913 2958 968 3009 in
1024 2957 1134 3007 vita
1171 2956 1405 3024 Agricol.
1441 2976 1485 3006 c.
1527 2955 1605 3007 15.
1648 2954 1729 3009 16.
1773 2954 1867 3004 ubi

347 3028 578 3078 Voadica
616 3040 839 3079 vocatur
859 3027 1120 3078 Boudicea
1145 3026 1318 3094 :apud
1347 3020 1694 3093 xiphilinum
1726 3026 1873 3076 Buu-

345 3099 518 3150 duica.
557 3098 616 3150 L.
655 3097 738 3150 62.
773 3098 875 3149 Dio
897 3097 1106 3149 Cassius
1140 3094 1273 3148 fuse.
1314 3097 1374 3149 L.
1397 3096 1479 3148 60.
