1940 3672
674 221 1143 277 Danorum.
1543 215 1666 274 215

80 419 347 476 gnorum
379 411 624 455 consors
657 388 1036 464 declaratus,
1098 384 1454 446 difficillima
1495 401 1559 448 et
1610 385 1758 446 diu-

83 494 264 544 turna
320 482 473 542 bella
520 481 706 560 gessit
758 499 899 537 cum
935 474 1412 537 Slesvicensibus
1450 474 1763 551 Ducibus,

85 594 225 631 cum
256 569 628 630 Hanseatieis
661 565 1051 639 civitatibus,
1100 569 1247 624 item
1276 583 1418 622 eum
1454 562 1764 624 lebellan-

89 660 250 717 tibus
292 659 499 716 Svecis
541 654 696 715 duce
735 656 1223 733 Engelbreclzto,
1288 652 1398 733 qui
1435 651 1564 735 ejus
1602 655 1762 734 regi*-

89 750 253 804 mine
292 741 447 802 haud
490 758 666 804 erant
699 745 971 803 contenti
997 789 1011 818 ,
1061 764 1137 802 ex
1178 740 1406 825 quibus
1441 741 1642 801 turbis
1674 743 1768 797 vi-

78 849 172 892 tae
210 854 349 891 suae
381 847 653 892 metuens
680 877 694 905 ,
718 832 860 891 inde
900 834 962 888 in
994 833 1123 891 Ger
1130 831 1397 896 maniam
1433 830 1627 912 fugit,
1649 826 1759 887 ubi

81 943 194 1020 pei
232 920 373 1002 plul
379 942 438 979 es
480 942 671 978 annos
707 922 965 1002 pilatim
1007 918 1369 991 exelcebat‚
1417 940 1614 1001 quale
1652 918 1775 976 Da·-

82 1010 145 1065 ni
206 1006 405 1068 eidem
470 1007 841 1108 obsequium
920 1008 1355 1067 lenunciantes
1381 1051 1396 1079 ,
1501 1028 1766 1088 regnum

82 1096 249 1177 quod
309 1118 415 1156 sex
466 1099 641 1154 annis
702 1093 990 1155 anm-chia
1042 1094 1466 1169 lacelabatul‚
1528 1092 1770 1153 detule-

81 1199 232 1242 runt
278 1186 722 1260 Clzrlstoplzoro
753 1185 1049 1244 Bavariae
1088 1183 1227 1242 duci
1272 1184 1454 1248 1458,
1495 1183 1622 1265 ipse
1662 1203 1768 1240 ve-

81 1294 153 1330 ro
204 1275 433 1331 Eriezcs
483 1272 712 1332 relictis
758 1275 963 1353 regnis
1006 1275 1071 1330 in
1127 1272 1556 1331 Pomm-aniam
1606 1269 1774 1328 redi-

81 1382 224 1436 enS‚
274 1360 505 1419 ibidem
544 1359 807 1442 amplius
846 1364 942 1420 20.
988 1360 1160 1418 annis
1193 1358 1275 1437 cc)
1314 1359 1489 1416 vixit.

258 1451 432 1508 XXI.
517 1451 1001 1523 Claristoplzoras
1063 1447 1370 1508 Palatinus
1433 1442 1634 1505 Rheni
1710 1458 1772 1503 et

83 1538 373 1596 Bavariae
428 1538 574 1596 Dux
625 1558 936 1597 successor
981 1539 1193 1611 Eric-i,
1258 1532 1462 1593 sedem
1515 1535 1769 1615 Regiam

83 1629 407 1701 Hajniczm
444 1627 798 1700 constituit,
864 1639 926 1685 et
969 1640 1185 1685 exacto
1216 1623 1520 1682 decennio
1578 1622 1774 1679 mori-

82 1726 187 1772 tur
238 1717 420 1775 1448.
463 1727 602 1797 post
649 1712 823 1793 cujus
862 1728 1132 1774 mortem
1177 1712 1334 1773 Dani
1375 1708 1493 1769 sibi
1538 1711 1773 1792 Regem

93 1802 321 1884 eligere
363 1802 646 1862 solebant
678 1825 753 1862 ex
797 1803 1008 1885 Stirpe
1064 1803 1529 1877 Oldenbzcrgica.

260 1892 462 1950 XXII.
519 1893 917 1948 Christianus
968 1893 1019 1947 I.
1081 1893 1299 1950 Comes
1369 1887 1776 1963 Olclenbzcrgi-

88 2002 193 2037 cas
238 2002 314 2040 ex
369 1979 899 2038 commendatione
938 1981 1212 2056 Adolplzi
1250 1978 1644 2039 Slesvieensis
1700 1972 1778 2031 ad

93 2090 354 2150 regnum
398 2069 630 2127 Daniae
682 2079 973 2142 vocatus,
1038 2071 1147 2150 qui
1193 2069 1375 2127 etiam
1427 2078 1564 2148 post
1608 2084 1781 2122 mor-

90 2169 215 2215 tem
248 2159 515 2231 Aclolplzi
549 2159 678 2215 sine
716 2153 976 2216 haerede
1017 2156 1366 2217 decedentis
1391 2201 1405 2230 ,
1467 2153 1781 2212 Slevicen-

89 2265 217 2303 sem
254 2246 559 2303 Dueatum
596 2259 657 2304 et
690 2245 998 2305 Holsatiae
1029 2246 1409 2305 Comitatum
1448 2264 1639 2323 regno
1674 2238 1781 2297 ad-

91 2329 301 2414 jiciens
335 2333 598 2391 multum
625 2334 855 2393 Daniae
893 2355 1155 2415 regnum
1183 2331 1607 2416 amplificavit3
1644 2329 1782 2389 Dit-

90 2424 348 2481 marsiae
374 2423 556 2480 etiam
588 2425 1028 2504 possessionem
1052 2446 1085 2480 a
1122 2426 1444 2483 Friclerico
1465 2422 1590 2476 III.
1624 2422 1778 2500 Imp.

92 2508 470 2569 fiduciariam
526 2512 772 2592 accepit.
838 2510 1078 2571 Verum
1123 2510 1367 2572 difficile
1422 2506 1638 2567 habuit
1684 2528 1784 2567 re-

95 2599 199 2679 gni
239 2601 519 2672 initium,
581 2599 759 2658 Sveci
794 2602 960 2658 enim
998 2600 1183 2659 alium
1221 2622 1431 2682 regem
1488 2599 1781 2654 Cat-olam

104 2688 333 2744 Canuti
382 2687 738 2768 elegerunt,
819 2687 983 2748 unde
1037 2705 1255 2749 coorto
1317 2687 1519 2758 belm,
1588 2704 1785 2765 quum

111 2776 372 2833 Carolus
429 2776 698 2860 superba
745 2798 850 2835 sua
903 2776 1326 2838 dominatione
1371 2777 1668 2843 Proceres
1727 2784 1790 2830 et

1437 2860 1692 2921 Clerum

162 3032 234 3104 a)
274 3034 466 3085 Ericus
502 3034 802 3103 Vpsalensis
841 3039 900 3087 L.
941 3037 991 3092 5.
1030 3035 1331 3089 CrantziuS.
1370 3033 1437 3093 L.
1471 3031 1523 3092 8.
1559 3030 1779 3086 Daniae.

237 3103 594 3174 Chy.thraeus
632 3106 830 3159 Saxon.
866 3117 1005 3179 peut.
1044 3109 1090 3160 1.
