1940 3672
252 141 378 203 290
788 149 1213 205 Isi-storia

159 319 467 379 Dcmtisci
497 339 802 403 occupans
839 319 968 404 ejus
1007 320 1328 381 conatibus
1373 344 1496 380 non
1535 319 1720 381 modo
1753 345 1851 382 re·-

156 409 347 484 stitit,
394 406 498 470 sed
545 428 686 466 eum
727 427 870 469 cum
916 407 1050 468 aliis
1110 409 1408 470 tredecim
1463 411 1641 468 sociis
1684 411 1854 492 capi-

154 497 233 556 tis
273 497 583 580 supplicio
629 494 866 572 affecit3
913 517 1041 578 quo
1082 495 1242 556 fincto
1291 499 1572 558 Romana
1625 497 1849 578 religio

154 606 372 645 rursus
410 584 731 657 restituta,
774 583 882 645 sed
922 584 1343 647 breviſsdenuo
1379 585 1552 670 pulsa
1637 582 1852 646 hodie-

151 693 281 755 que
329 670 552 732 cxulat.
602 674 668 748 a)

311 759 360 838 ᾗ.
410 761 466 819 5.
516 762 740 816 Status
787 760 1118 833 Ponticas,
1157 772 1217 818 et
1234 764 1454 836 fhrma
1501 764 1846 840 regiminis,

153 838 429 906 Historia
482 847 895 907 Borussorum
958 848 1450 909 commodissime
1497 849 1846 910 considera-

156 929 213 987 ri
250 948 450 1010 potest
490 949 681 1019 prout
724 936 1043 996 Borussiae
1082 948 1265 995 status
1304 939 1365 1001 in
1389 953 1660 1019 quatuor
1684 940 1845 1020 Epo-

151 1013 284 1076 chis
315 1044 568 1104 magnas
605 1026 976 1085 mutationes
1007 1024 1340 1084 subiverat.
1406 1030 1626 1084 Prima
1679 1026 1845 1108 Epo-

147 1103 261 1168 cha
287 1109 542 1172 exhibet
561 1124 784 1170 statum
820 1113 1147 1172 Boi-ussiae
1166 1125 1306 1173 ante
1336 1126 1616 1197 tempora
1651 1115 1844 1195 Equi-

147 1205 282 1257 tum
318 1199 572 1260 Ordinis
618 1202 974 1261 Teutonici:
1028 1204 1296 1259 secanda
1351 1202 1462 1261 sub
1515 1201 1847 1285 Equitibus

148 1282 402 1348 Ordinis
441 1288 783 1348 Teutonici.
840 1292 1052 1348 Tertia
1093 1289 1209 1348 sub
1239 1289 1546 1350 Ducibus:
1607 1301 1844 1368 quarta

146 1375 267 1435 sub
311 1376 608 1458 Regibus.
642 1378 718 1436 Et
759 1376 1015 1459 quidem
1051 1378 1094 1436 I.
1131 1378 1339 1436 Status
1383 1379 1704 1438 Borussiae
1734 1401 1843 1435 an-

146 1464 532 1546 tiquissimus
567 1479 710 1524 ante
746 1479 1026 1548 tempora
1068 1467 1371 1546 Equitum
1389 1465 1641 1525 Ordinis
1679 1468 1841 1526 Teu-

146 1553 378 1629 tonici,
424 1555 741 1634 signanter
769 1552 889 1634 jam
930 1567 1072 1612 ante
1124 1555 1440 1611 Christum
1480 1567 1690 1612 natum
1729 1577 1841 1614 no-

145 1640 415 1701 tissimus
462 1641 584 1700 suit
611 1643 843 1699 succini
899 1661 1113 1711 causa,
1169 1638 1341 1723 quod
1400 1642 1463 1700 in
1524 1641 1843 1701 littoribus

146 1729 474 1791 Borussiae
519 1728 594 1787 ad
641 1751 811 1789 mare
845 1725 1189 1786 Balthicum
1223 1727 1652 1807 colligebatur,
1669 1729 1843 1811 quod

148 1816 385 1878 incolae
432 1831 657 1877 vocant
691 1820 1041 1876 Bamsteitz
1075 1817 1152 1875 ab
1197 1815 1471 1889 urendo,
1542 1831 1601 1876 et
1657 1820 1841 1895 Λιιὸ-

143 1908 303 1963 stein
325 1905 497 1986 quod
530 1904 722 1965 oculis
753 1907 962 1988 prosit.
988 1902 1192 1987 Hujus
1228 1906 1499 1985 regionis
1531 1908 1843 1985 antiquis-
1879 1958 1882 1960 ,

143 1994 282 2053 simi
321 1993 559 2054 incolae
625 1993 949 2075 gentilium
1008 1990 1389 2052 idololatriae
1431 2007 1605 2052 erant
1644 1992 1838 2051 addi-

142 2082 267 2154 cti,
315 2103 583 2164 quorum
651 2082 889 2164 primus
945 2082 1083 2141 Rex
1141 2097 1204 2141 et
1257 2081 1602 2163 Legislator
1654 2080 1841 2142 fuisse

141 2168 372 2229 dicitur
437 2172 891 2246 lVaydevataS.
967 2170 1259 2229 Ceterum
1339 2171 1646 2252 imprimis
1704 2171 1836 2229 noti

142 2270 476 2318 evaserunt
509 2258 593 2318 ob
632 2256 1063 2318 crudelitatem
1098 2261 1262 2316 circa
1299 2280 1530 2316 annum
1554 2257 1660 2317 Ch.
1689 2259 1834 2319 998.

139 2358 474 2429 postquam
526 2348 586 2405 S.
621 2347 1052 2405 Aclalbertzcm.
1094 2345 1170 2405 ad
1220 2348 1606 2405 Fischcczcsen
1666 2347 1839 2405 occi-

1611 2434 1744 2492 dis-

208 2604 270 2678 a)
304 2605 583 2658 Abraham
616 2607 893 2659 scultetus
915 2606 968 2657 in
1007 2604 1364 2658 Annal.Eccl.
1411 2603 1661 2654 I'huanus
1683 2603 1811 2655 Hist

298 2676 364 2728 L.
408 2674 494 2731 38.
530 2675 618 2729 41.
650 2675 734 2728 43.
771 2675 857 2728 46.
897 2676 1137 2729 Lasicius
1187 2677 1248 2727 L.
1281 2676 1327 2728 5.
1382 2674 1448 2725 de
1488 2673 1645 2741 gestis
1694 2674 1829 2726 Fra-

296 2756 463 2800 trum.
501 2747 634 2798 Vide
665 2756 719 2798 et
754 2747 1049 2799 Historiam
1084 2763 1265 2796 rerum
1300 2746 1704 2796 Boi-ussicarntn
1723 2743 1831 2794 Ca-

296 2820 447 2888 spari
494 2817 738 2873 Sciitzii,
805 2817 1010 2887 prodiit
1063 2818 1342 2867 Sci-vestae
1406 2812 1560 2868 1592.
1604 2813 1822 2864 Davidis

297 2889 581 2960 Chytraei.
630 2888 846 2956 Lipsiae-
897 2885 1046 2940 1599.
1094 2884 1478 2954 Christophori
1520 2883 1826 2935 Hui-[noch.

292 2958 642 3012 Francofurti
683 2955 835 3012 1684.
858 2956 950 3008 ubi
980 2968 1195 3027 praeter
1221 2955 1539 3023 religionem
1570 2964 1623 3004 ct
1675 2953 1827 3004 Poli-

291 3031 489 3087 ticam,
527 3029 689 3080 etiam
724 3027 1028 3080 Historiam
1063 3026 1452 3097 Magistrorum
1489 3023 1825 3076 Teutonico-

294 3117 422 3153 rum
464 3097 582 3151 fuse
616 3096 891 3151 describit.
