1940 3672
494 177 814 230 Gallorum
853 182 913 227 et
960 173 1362 226 Frcmcormn.
1545 160 1661 220 157

80 359 266 414 mmm
304 378 395 412 an.
446 356 580 415 791..
616 352 839 423 erexit,
888 371 1013 430 quo
1051 370 1128 407 ex
1179 348 1455 404 Romana
1508 339 1748 400 Acade-

77 446 197 501 mia
245 442 650 500 nobilissimos
709 439 1039 518 scriptores
1101 434 1422 502 evocavit,
1485 427 1555 505 a)
1604 425 1750 485 hinc

77 531 217 589 licet
253 544 392 587 ante
438 526 724 585 Cat-olam
766 527 855 583 M.
894 526 1138 584 Parisiis
1173 534 1333 580 artes
1372 531 1433 576 et
1457 514 1754 576 scientiae

78 628 402 698 corruptae
439 613 712 673 floruisse
763 611 1122 682 videantur,
1184 612 1233 667 is
1290 620 1494 665 tamen
1539 622 1752 662 veram

79 703 437 762 Academiae
470 701 733 761 formam
767 700 1198 770 introducenS,
1264 693 1486 754 author
1510 691 1630 750 fuit
1674 701 1747 746 ut

77 813 229 873 pura
279 787 669 871 Philosophia
722 787 796 845 ad
842 786 1304 869 propagandam
1358 781 1751 861 Religionem

73 877 479 936 Christianam
501 875 887 950 traderetur,
937 875 1074 933 ideo
1097 873 1196 931 hic
1228 891 1472 952 semper
1492 884 1749 947 magnus

71 963 487 1024 studiosorum
520 986 849 1024 concursus
886 977 1050 1036 erat,
1102 976 1509 1040 veterumque
1555 950 1754 1012 Athe-

72 1053 395 1111 niensium·
433 1065 494 1109 et
546 1055 971 1111 Romanorum
1020 1049 1280 1130 gloriam
1326 1046 1473 1104 haec
1518 1039 1756 1101 Acade-

71 1141 193 1198 mia
227 1153 585 1223 superatura
649 1139 992 1198 videbatur.
1042 1138 1197 1210 Hic,
1264 1135 1573 1192 Roberbas
1625 1130 1757 1184 La-

78 1229 279 1284 dovici
309 1231 467 1310 regis
506 1228 696 1287 frater
733 1251 827 1285 an.
874 1227 1055 1286 1255.
1105 1224 1544 1306 amplissimum
1602 1212 1755 1273 illud

90 1317 425 1392 Collegium
458 1319 855 1373 Sol-bonicum
896 1315 1191 1386 instituit,
1241 1307 1403 1369 unde
1437 1318 1529 1364 tot
1576 1322 1754 1385 prae-

73 1415 299 1461 stantes
329 1402 660 1485 Theologi‚
709 1419 770 1462 et
806 1403 975 1462 orbis
997 1399 1329 1460 clarissima
1351 1396 1580 1454 lumina
1602 1412 1759 1473 pro—

73 1488 383 1549 diverunt.
429 1485 678 1550 Joamzci
733 1492 987 1572 Regina.
1051 1512 1099 1546 a.
1173 1487 1355 1546 1286.
1417 1481 1758 1562 Collegium

75 1579 409 1637 Navarrae
456 1583 689 1654 erexit,
739 1578 906 1661 qnod
949 1603 982 1636 a
1028 1572 1428 1658 sequentibus
1482 1566 1756 1649 Regibus

75 1668 247 1723 varia
273 1667 592 1749 privilegia
613 1670 861 1747 accepit.
897 1669 1277 1725 Frcmciscus
1318 1660 1605 1719 Valesius
1623 1656 1761 1712 Rex

74 1751 151 1810 ad
200 1756 690 1815 constituendam
727 1755 1194 1836 Rempublicam
1214 1766 1571 1818 conversim,
1618 1743 1759 1801 Do-

73 1842 367 1900 ctissimos
416 1843 870 1903 Hebraicarum
911 1856 971 1901 et
1003 1842 1374 1899 Graecarum
1414 1836 1754 1903 literarum,

68 1928 769 2012 Mathematicarumque
801 1933 1030 1987 artium
1066 1927 1442 1987 Professores
1481 1918 1750 1980 honestis

72 2016 390 2099 stipendiis
420 2021 717 2093 instituit3
743 2017 904 2075 unde
938 2040 1078 2077 eum
1101 2020 1357 2073 Patrem
1381 2015 1751 2070 Literccrum

68 2104 485 2186 appellarunt:
536 2106 888 2166 scholarum
908 2107 1357 2187 Inspectionem
1381 2097 1751 2157 Rectoribas

65 2195 514 2252 commiserunt
545 2196 780 2276 Reges;
828 2194 902 2251 de
924 2214 1189 2274 quorum
1214 2192 1422 2249 officiis
1457 2190 1752 2243 Innocen-

70 2282 195 2336 tius
226 2281 510 2340 Pontifex
559 2281 870 2341 decrevit:
919 2293 988 2338 ut
1024 2282 1253 2338 Rector
1273 2299 1412 2336 cum
1446 2276 1753 2334 Procura-

71 2367 309 2428 toribus
342 2382 434 2429 ter
479 2373 540 2428 in
574 2367 956 2430 hebdomada
980 2414 995 2442 ,
1050 2367 1212 2446 (sub
1264 2386 1465 2447 poena
1502 2382 1753 2420 excom-

67 2459 538 2538 municationis)
574 2461 665 2516 uti
701 2457 800 2518 die
848 2459 1098 2529 Lunae,
1143 2456 1477 2528 Mercurii,
1533 2464 1595 2508 et
1616 2450 1752 2507 Ve-

69 2546 271 2617 neriS‚
314 2544 461 2604 hora
500 2545 762 2607 secunda
806 2544 1225 2630 pomeridiana
1252 2589 1267 2618 ,
1316 2564 1455 2601 cum
1507 2538 1641 2597 aliis
1677 2534 1751 2592 ad

70 2630 436 2692 Academiae
474 2634 732 2695 salutem
766 2632 1221 2717 pertinentibus
1254 2631 1330 2689 de
1368 2630 1551 2689 rebus
1586 2624 1748 2681 Aca-

66 2717 304 2779 demiae
321 2765 337 2794 ,
360 2720 901 2804 studiosorumque
924 2720 1197 2780 moribus
1235 2721 1521 2798 inquirat.
1547 2714 1746 2784 Quam

64 2805 266 2887 legem
297 2821 565 2869 sanctam
613 2811 845 2868 utinam
882 2822 943 2870 et
982 2806 1163 2867 hodie
1180 2808 1530 2888 superiores
1567 2796 1743 2857 scho-

1567 2886 1659 2946 la—

138 3080 198 3148 a)
236 3080 551 3132 Vincentius
589 3083 792 3132 Hister.
828 3081 884 3131 L.
926 3079 1007 3132 24.
