1940 3672
221 186 300 246 (50
748 189 1169 247 *Historia

127 371 492 452 gravissimo
509 369 989 449 distinerentur3
1019 370 1385 432 Neoelectus
1402 373 1669 431 Joannes
1701 395 1813 434 rex

127 460 268 516 satis
321 462 614 541 temporis
665 456 931 517 habebat
994 459 1070 517 ad
1138 483 1236 520 res
1296 460 1414 520 sibi
1467 458 1813 520 firmandas,

123 548 379 604 Interim
421 550 484 604 in
528 545 701 604 India
738 547 1024 605 orientali
1069 551 1278 607 omnia
1320 571 1480 631 quae
1524 549 1813 630 possede—

118 645 260 691 rant·
296 634 632 714 Portugalli
669 634 885 690 amissa
922 648 1066 693 sunt
1106 635 1297 695 adeo:
1346 650 1416 694 ut
1441 635 1594 694 nihil
1631 659 1810 718 prae—

123 723 319 776 Goam
378 723 438 778 in
474 721 682 778 littore
726 721 975 777 szccm
1027 738 1321 790 maneret,
1386 725 1546 782 Hine
1601 747 1815 806 pacem

118 827 266 864 cum
310 808 631 866 Hollandis
655 805 858 866 facere
894 806 1285 869 debuerunt:
1334 825 1521 893 atque
1560 814 1644 871 sic
1671 824 1809 895 post

118 893 487 952 diuturnum
522 909 582 954 et
635 897 1191 956 sumtuosissimum
1241 899 1474 957 bellum
1517 901 1813 983 Hispani-

118 1002 295 1055 cum,
343 1004 611 1065 regnum
660 983 1078 1066 Portugalliae
1143 985 1382 1068 legibus
1439 988 1812 1046 salutaribus

119 1068 469 1143 firmatum,
520 1095 643 1130 una
677 1091 821 1131 cum
869 1074 1113 1133 aerario
1161 1074 1258 1135 56.
1307 1075 1690 1133 millionibus
1721 1076 1812 1133 lo-

121 1156 471 1239 cupletato,
520 1158 644 1219 filio
699 1182 812 1219 suo
865 1165 1184 1238 Alphonso
1250 1165 1362 1220 VI.
1415 1162 1672 1243 reliquit
1712 1185 1809 1229 an,

128 1247 310 1307 1656.
361 1247 678 1321 Alplmnso
728 1250 840 1306 VI.
903 1265 1201 1332 regnante
1257 1249 1517 1315 tandem?
1554 1250 1813 1309 diutur—

89 1355 269 1401 ⁹num
308 1333 540 1393 bellum
593 1336 898 1418 Hispanos
940 1340 1099 1399 inter
1152 1352 1214 1399 et
1267 1339 1653 1421 Portugallos
1697 1360 1812 1420 ge-

118 1443 257 1480 sum
315 1446 407 1480 an.
475 1425 656 1483 1668.
708 1427 857 1482 inita
910 1447 1062 1508 pace
1125 1426 1618 1500 terminabatur,
1684 1448 1809 1508 qua

119 1512 305 1570 etiam
345 1513 511 1569 omni
573 1513 635 1568 in
693 1514 1135 1594 Portugalliam
1186 1512 1312 1596 juri
1355 1518 1808 1574 renunciarunt

117 1599 316 1678 Reges
352 1599 695 1680 Hispaniae.
749 1603 989 1662 Verum
1023 1603 1188 1662 bello
1229 1605 1344 1661 isto
1390 1603 1654 1663 feliciter
1682 1616 1810 1661 ter-

116 1688 351 1746 minato
416 1689 774 1763 Alphonsas
841 1690 1054 1750 relicta
1108 1693 1341 1750 virtute
1403 1706 1693 1775 paterna,
1741 1692 1804 1746 in

115 1772 548 1834 crudelitatem
607 1798 860 1851 versuS‚
919 1780 1100 1838 brevi
1165 1779 1247 1837 oh
1294 1801 1427 1838 eam
1471 1803 1505 1837 a
1555 1777 1803 1835 Satibus

116 1865 294 1943 regni
336 1861 679 1947 depositUS,
723 1880 1038 1947 sceptrum
1098 1865 1175 1924 ad
1214 1864 1476 1926 fratrem
1519 1866 1648 1947 ejus
1681 1867 1796 1923 Pe-

116 1962 285 2008 tram
329 1953 416 2007 II.
466 1953 952 2029 transtulerunt,
1008 1956 1118 2036 qui
1167 1959 1609 2015 commercium
1660 1974 1802 2013 cum

115 2039 338 2097 vicinis
374 2040 709 2114 stabilivit,
755 2043 1074 2102 Brasiliam
1100 2065 1292 2125 quam
1337 2043 1801 2126 diligentissime

114 2148 236 2183 una
279 2148 420 2185 cum
477 2129 562 2187 ibi
599 2131 860 2212 repertis
915 2130 1141 2191 fodinis
1195 2131 1507 2204 excoluit,
1572 2152 1638 2189 ac
1687 2153 1800 2213 per

117 2217 216 2273 50.
261 2237 449 2274 annos
493 2216 739 2298 pacifice
762 2240 1042 2300 regnans,
1091 2232 1373 2279 mortuus
1405 2236 1494 2282 est
1524 2242 1569 2278 a.
1618 2220 1797 2279 1706.

116 2303 230 2360 Cui
255 2307 536 2363 successit
560 2303 716 2365 filius
749 2309 1017 2367 Ioannes
1071 2311 1145 2366 V.
1193 2329 1320 2390 quo
1345 2322 1642 2392 regnante
1674 2319 1800 2365 stu-

115 2388 216 2448 dia
259 2391 564 2451 bonarum
605 2397 833 2454 artium
872 2399 935 2456 in
974 2395 1350 2478 Portugallia
1395 2411 1580 2480 caput
1618 2394 1798 2453 attol-

113 2476 243 2538 lere
288 2497 670 2562 coeperunt3
717 2483 829 2565 qui
868 2483 1199 2567 prudentia
1259 2498 1321 2545 et
1355 2485 1657 2545 industria
1695 2505 1800 2541 sua

117 2570 427 2626 aerarium
480 2570 790 2650 augendo,
839 2573 1063 2633 milites
1102 2595 1359 2654 quoque
1390 2571 1803 2656 expeditiores

118 2654 406 2715 reddidit.
459 2660 1063 2722 DomuiAustriacae
1093 2675 1452 2744 promptum
1495 2659 1800 2720 auxilium

118 2744 183 2800 in
215 2765 389 2804 causa
416 2750 805 2809 successionis
824 2748 1190 2833 Hispanicae
1237 2752 1455 2810 Carolo
1474 2746 1801 2835 praebuit3

120 2853 189 2890 ac
233 2855 379 2915 pace
420 2835 823 2919 Ultrajectina
875 2839 953 2898 ab
1015 2838 1304 2920 Hispanis
1349 2839 1623 2900 obtinuit
1676 2836 1797 2894 Co-

116 2917 345 2980 loniam
400 2926 456 2981 S.
497 2927 919 3002 Sacramenti3
966 2952 999 2988 a
1031 2926 1225 2986 Gallis
1267 2949 1421 2989 vero
1482 2928 1802 3008 regionem

120 3008 192 3067 ad
250 3010 633 3075 Amazonum
685 3013 942 3076 fluvium
985 3019 1180 3077 sitam.
1234 3018 1415 3078 1715.
1462 3017 1562 3077 Ob
1609 3009 1800 3074 studi-

911 3121 916 3125 ·
1612 3124 1716 3161 um
