<?xml version="1.0" encoding="UTF-8"?>
<!DOCTYPE html PUBLIC "-//W3C//DTD XHTML 1.0 Transitional//EN"
    "http://www.w3.org/TR/xhtml1/DTD/xhtml1-transitional.dtd">
<html xmlns="http://www.w3.org/1999/xhtml" xml:lang="en" lang="en">
 <head>
  <title>
</title>
<meta http-equiv="Content-Type" content="text/html;charset=utf-8" />
  <meta name='ocr-system' content='tesseract 3.04.00' />
  <meta name='ocr-capabilities' content='ocr_page ocr_carea ocr_par ocr_line ocrx_word'/>
</head>
<body>
  <div class='ocr_page' id='page_1' title='image "./historiauniversa03nagy_0433.png"; bbox 0 0 1940 3672; ppageno 0'>
   <div class='ocr_carea' id='block_1_1' title="bbox 629 159 1706 241">
    <p class='ocr_par' dir='ltr' id='par_1_1' title="bbox 629 159 1706 241">
     <span class='ocr_line' id='line_1_1' title="bbox 629 159 1706 241; baseline -0.005 -20"><span class='ocrx_word' id='word_1_1' title='bbox 629 168 1263 241; x_wconf 48' lang='lat' dir='ltr'><strong>[sung-ararum,</strong></span> <span class='ocrx_word' id='word_1_2' title='bbox 1582 159 1706 218; x_wconf 67' lang='lat'><strong>409</strong></span> 
     </span>
    </p>
   </div>
   <div class='ocr_carea' id='block_1_2' title="bbox 94 332 1807 2946">
    <p class='ocr_par' dir='ltr' id='par_1_2' title="bbox 107 332 1807 849">
     <span class='ocr_line' id='line_1_2' title="bbox 111 332 1787 423; baseline -0.006 -23"><span class='ocrx_word' id='word_1_3' title='bbox 111 338 304 423; x_wconf 83' lang='lat' dir='ltr'><strong>periri</strong></span> <span class='ocrx_word' id='word_1_4' title='bbox 357 337 723 421; x_wconf 69' lang='lat' dir='ltr'><strong>cogebatur,</strong></span> <span class='ocrx_word' id='word_1_5' title='bbox 787 340 886 397; x_wconf 89' lang='lat' dir='ltr'><strong>cui</strong></span> <span class='ocrx_word' id='word_1_6' title='bbox 934 337 1181 398; x_wconf 87' lang='lat' dir='ltr'><strong>demum</strong></span> <span class='ocrx_word' id='word_1_7' title='bbox 1242 344 1475 417; x_wconf 84' lang='lat' dir='ltr'><strong>septem</strong></span> <span class='ocrx_word' id='word_1_8' title='bbox 1518 332 1787 414; x_wconf 82' lang='lat' dir='ltr'><strong>Hunga-</strong></span> 
     </span>
     <span class='ocr_line' id='line_1_3' title="bbox 111 421 1802 486; baseline -0.005 -1"><span class='ocrx_word' id='word_1_9' title='bbox 111 431 243 486; x_wconf 85' lang='lat' dir='ltr'><strong>riae</strong></span> <span class='ocrx_word' id='word_1_10' title='bbox 280 428 615 485; x_wconf 77' lang='lat' dir='ltr'>Comitatus</span> <span class='ocrx_word' id='word_1_11' title='bbox 648 448 788 486; x_wconf 89' lang='lat' dir='ltr'><strong>cum</strong></span> <span class='ocrx_word' id='word_1_12' title='bbox 833 425 1258 485; x_wconf 87' lang='lat' dir='ltr'><strong>Transilvania</strong></span> <span class='ocrx_word' id='word_1_13' title='bbox 1304 436 1367 484; x_wconf 87' lang='lat' dir='ltr'><strong>et</strong></span> <span class='ocrx_word' id='word_1_14' title='bbox 1398 421 1615 480; x_wconf 88' lang='lat' dir='ltr'><strong>Silesia</strong></span> <span class='ocrx_word' id='word_1_15' title='bbox 1649 442 1802 479; x_wconf 85' lang='lat' dir='ltr'><strong>con-</strong></span> 
     </span>
     <span class='ocr_line' id='line_1_4' title="bbox 110 509 1807 596; baseline -0.004 -23"><span class='ocrx_word' id='word_1_16' title='bbox 110 514 361 588; x_wconf 85' lang='lat' dir='ltr'><strong>cedens,</strong></span> <span class='ocrx_word' id='word_1_17' title='bbox 390 536 531 573; x_wconf 90' lang='lat' dir='ltr'><strong>cum</strong></span> <span class='ocrx_word' id='word_1_18' title='bbox 563 516 783 574; x_wconf 89' lang='lat' dir='ltr'><strong>Turcis</strong></span> <span class='ocrx_word' id='word_1_19' title='bbox 816 516 1002 574; x_wconf 89' lang='lat' dir='ltr'><strong>etiam</strong></span> <span class='ocrx_word' id='word_1_20' title='bbox 1031 533 1245 596; x_wconf 85' lang='lat' dir='ltr'>pacem</span> <span class='ocrx_word' id='word_1_21' title='bbox 1282 509 1591 584; x_wconf 72' lang='lat' dir='ltr'><strong>firmavit,</strong></span> <span class='ocrx_word' id='word_1_22' title='bbox 1628 528 1807 566; x_wconf 90' lang='lat' dir='ltr'><strong>cum-</strong></span> 
     </span>
     <span class='ocr_line' id='line_1_5' title="bbox 109 596 1803 684; baseline -0.005 -23"><span class='ocrx_word' id='word_1_23' title='bbox 109 624 236 684; x_wconf 85' lang='lat' dir='ltr'><strong>que</strong></span> <span class='ocrx_word' id='word_1_24' title='bbox 270 604 513 684; x_wconf 84' lang='lat' dir='ltr'><strong>imperii</strong></span> <span class='ocrx_word' id='word_1_25' title='bbox 553 603 764 662; x_wconf 81' lang='lat' dir='ltr'><strong>turbas</strong></span> <span class='ocrx_word' id='word_1_26' title='bbox 804 602 1275 684; x_wconf 80' lang='lat' dir='ltr'><strong>composuisset,</strong></span> <span class='ocrx_word' id='word_1_27' title='bbox 1320 596 1635 657; x_wconf 88' lang='lat' dir='ltr'><strong>bellorum</strong></span> <span class='ocrx_word' id='word_1_28' title='bbox 1667 616 1803 653; x_wconf 87' lang='lat' dir='ltr'><strong>mo·-</strong></span> 
     </span>
     <span class='ocr_line' id='line_1_6' title="bbox 108 685 1796 769; baseline -0.004 -22"><span class='ocrx_word' id='word_1_29' title='bbox 108 690 166 748; x_wconf 91' lang='lat' dir='ltr'><strong>le</strong></span> <span class='ocrx_word' id='word_1_30' title='bbox 223 690 535 769; x_wconf 86' lang='lat' dir='ltr'><strong>confectus</strong></span> <span class='ocrx_word' id='word_1_31' title='bbox 593 691 873 751; x_wconf 81' lang='lat' dir='ltr'>Viennae</span> <span class='ocrx_word' id='word_1_32' title='bbox 937 686 1094 748; x_wconf 88' lang='lat' dir='ltr'><strong>obiit</strong></span> <span class='ocrx_word' id='word_1_33' title='bbox 1153 687 1336 747; x_wconf 79' lang='lat'><strong>1657.</strong></span> <span class='ocrx_word' id='word_1_34' title='bbox 1390 697 1452 745; x_wconf 89' lang='lat' dir='ltr'><strong>et</strong></span> <span class='ocrx_word' id='word_1_35' title='bbox 1506 685 1796 743; x_wconf 88' lang='lat' dir='ltr'><strong>successit</strong></span> 
     </span>
     <span class='ocr_line' id='line_1_7' title="bbox 107 776 369 849; baseline 0 -13"><span class='ocrx_word' id='word_1_36' title='bbox 107 778 163 836; x_wconf 91' lang='lat' dir='ltr'><strong>ei</strong></span> <span class='ocrx_word' id='word_1_37' title='bbox 193 776 369 849; x_wconf 14' lang='lat' dir='ltr'><strong>,filius</strong></span> 
     </span>
    </p>

    <p class='ocr_par' dir='ltr' id='par_1_3' title="bbox 100 853 1806 1650">
     <span class='ocr_line' id='line_1_8' title="bbox 284 853 1806 945; baseline -0.003 -23"><span class='ocrx_word' id='word_1_38' title='bbox 284 866 714 922; x_wconf 68' lang='lat' dir='ltr'><strong>Fer-elinandus</strong></span> <span class='ocrx_word' id='word_1_39' title='bbox 749 866 873 922; x_wconf 73' lang='lat' dir='ltr'><em>III;</em></span> <span class='ocrx_word' id='word_1_40' title='bbox 910 863 1015 945; x_wconf 85' lang='lat' dir='ltr'><strong>qui</strong></span> <span class='ocrx_word' id='word_1_41' title='bbox 1058 881 1176 943; x_wconf 88' lang='lat' dir='ltr'><strong>pro</strong></span> <span class='ocrx_word' id='word_1_42' title='bbox 1216 855 1442 920; x_wconf 87' lang='lat' dir='ltr'><strong>tuenda</strong></span> <span class='ocrx_word' id='word_1_43' title='bbox 1465 879 1536 918; x_wconf 89' lang='lat' dir='ltr'><strong>re</strong></span> <span class='ocrx_word' id='word_1_44' title='bbox 1571 853 1806 918; x_wconf 77' lang='lat' dir='ltr'><strong>Catho-</strong></span> 
     </span>
     <span class='ocr_line' id='line_1_9' title="bbox 107 944 1802 1034; baseline -0.004 -25"><span class='ocrx_word' id='word_1_45' title='bbox 107 951 222 1010; x_wconf 89' lang='lat' dir='ltr'><strong>lica</strong></span> <span class='ocrx_word' id='word_1_46' title='bbox 275 951 516 1011; x_wconf 86' lang='lat' dir='ltr'><strong>difficile</strong></span> <span class='ocrx_word' id='word_1_47' title='bbox 575 950 788 1011; x_wconf 86' lang='lat' dir='ltr'><strong>habuit</strong></span> <span class='ocrx_word' id='word_1_48' title='bbox 844 952 1219 1034; x_wconf 87' lang='lat' dir='ltr'><strong>imperium,</strong></span> <span class='ocrx_word' id='word_1_49' title='bbox 1283 944 1453 1029; x_wconf 88' lang='lat' dir='ltr'><strong>quod</strong></span> <span class='ocrx_word' id='word_1_50' title='bbox 1498 949 1802 1024; x_wconf 71' lang='lat' dir='ltr'><strong>Georgius</strong></span> 
     </span>
     <span class='ocr_line' id='line_1_10' title="bbox 109 1034 1799 1116; baseline -0.004 -19"><span class='ocrx_word' id='word_1_51' title='bbox 109 1042 411 1116; x_wconf 78' lang='lat' dir='ltr'><strong>Ra&#39;ko‘czy</strong></span> <span class='ocrx_word' id='word_1_52' title='bbox 485 1041 668 1098; x_wconf 88' lang='lat' dir='ltr'><strong>armis</strong></span> <span class='ocrx_word' id='word_1_53' title='bbox 695 1035 699 1037; x_wconf 13' lang='lat' dir='ltr'><strong>i</strong></span> <span class='ocrx_word' id='word_1_54' title='bbox 725 1037 1056 1112; x_wconf 86' lang='lat' dir='ltr'><strong>invadens,</strong></span> <span class='ocrx_word' id='word_1_55' title='bbox 1156 1034 1408 1094; x_wconf 82' lang='lat' dir='ltr'><strong>subacta</strong></span> <span class='ocrx_word' id='word_1_56' title='bbox 1471 1034 1799 1107; x_wconf 86' lang='lat' dir='ltr'><strong>Cassovia,</strong></span> 
     </span>
     <span class='ocr_line' id='line_1_11' title="bbox 105 1121 1799 1210; baseline -0.003 -26"><span class='ocrx_word' id='word_1_57' title='bbox 105 1127 550 1187; x_wconf 80' lang='lat' dir='ltr'><strong>auxiliantibus</strong></span> <span class='ocrx_word' id='word_1_58' title='bbox 585 1127 806 1186; x_wconf 77' lang='lat' dir='ltr'><strong>Tur-cis</strong></span> <span class='ocrx_word' id='word_1_59' title='bbox 860 1124 1332 1210; x_wconf 82' lang='lat' dir='ltr'><strong>populationem</strong></span> <span class='ocrx_word' id='word_1_60' title='bbox 1366 1121 1489 1182; x_wconf 90' lang='lat' dir='ltr'><strong>late</strong></span> <span class='ocrx_word' id='word_1_61' title='bbox 1526 1124 1799 1181; x_wconf 88' lang='lat' dir='ltr'><strong>circum-</strong></span> 
     </span>
     <span class='ocr_line' id='line_1_12' title="bbox 107 1207 1801 1298; baseline -0.003 -25"><span class='ocrx_word' id='word_1_62' title='bbox 107 1214 288 1289; x_wconf 83' lang='lat' dir='ltr'><strong>tulit,</strong></span> <span class='ocrx_word' id='word_1_63' title='bbox 351 1217 461 1298; x_wconf 89' lang='lat' dir='ltr'><strong>qui</strong></span> <span class='ocrx_word' id='word_1_64' title='bbox 497 1213 749 1275; x_wconf 90' lang='lat' dir='ltr'><strong>demum</strong></span> <span class='ocrx_word' id='word_1_65' title='bbox 807 1216 1002 1296; x_wconf 89' lang='lat' dir='ltr'><strong>copiis</strong></span> <span class='ocrx_word' id='word_1_66' title='bbox 1040 1212 1428 1273; x_wconf 87' lang='lat' dir='ltr'><strong>Garmanicis</strong></span> <span class='ocrx_word' id='word_1_67' title='bbox 1483 1207 1801 1281; x_wconf 77' lang='lat' dir='ltr'><strong>devictUS,</strong></span> 
     </span>
     <span class='ocr_line' id='line_1_13' title="bbox 104 1298 1805 1386; baseline -0.004 -26"><span class='ocrx_word' id='word_1_68' title='bbox 104 1300 183 1360; x_wconf 89' lang='lat' dir='ltr'><strong>ad</strong></span> <span class='ocrx_word' id='word_1_69' title='bbox 213 1324 426 1386; x_wconf 85' lang='lat' dir='ltr'><strong>pacem</strong></span> <span class='ocrx_word' id='word_1_70' title='bbox 464 1301 796 1363; x_wconf 88' lang='lat' dir='ltr'><strong>ineundam</strong></span> <span class='ocrx_word' id='word_1_71' title='bbox 851 1300 1115 1362; x_wconf 88' lang='lat' dir='ltr'><strong>adactus&#39;·</strong></span> <span class='ocrx_word' id='word_1_72' title='bbox 1151 1313 1274 1360; x_wconf 90' lang='lat' dir='ltr'><strong>est:</strong></span> <span class='ocrx_word' id='word_1_73' title='bbox 1321 1311 1514 1380; x_wconf 85' lang='lat' dir='ltr'><strong>atque</strong></span> <span class='ocrx_word' id='word_1_74' title='bbox 1552 1298 1639 1357; x_wconf 88' lang='lat' dir='ltr'><strong>sic</strong></span> <span class='ocrx_word' id='word_1_75' title='bbox 1675 1310 1805 1357; x_wconf 89' lang='lat' dir='ltr'><strong>ter-</strong></span> 
     </span>
     <span class='ocr_line' id='line_1_14' title="bbox 102 1382 1799 1465; baseline -0.004 -17"><span class='ocrx_word' id='word_1_76' title='bbox 102 1391 339 1451; x_wconf 87' lang='lat' dir='ltr'><strong>minato</strong></span> <span class='ocrx_word' id='word_1_77' title='bbox 394 1390 559 1451; x_wconf 90' lang='lat' dir='ltr'><strong>bello</strong></span> <span class='ocrx_word' id='word_1_78' title='bbox 619 1390 986 1465; x_wconf 82' lang='lat' dir='ltr'><strong>tricennali,</strong></span> <span class='ocrx_word' id='word_1_79' title='bbox 1035 1391 1436 1448; x_wconf 67' lang='lat' dir='ltr'><strong>Ferclirzando</strong></span> <span class='ocrx_word' id='word_1_80' title='bbox 1494 1387 1614 1443; x_wconf 88' lang='lat' dir='ltr'><strong>IV.</strong></span> <span class='ocrx_word' id='word_1_81' title='bbox 1667 1382 1799 1444; x_wconf 88' lang='lat' dir='ltr'><strong>filio</strong></span> 
     </span>
     <span class='ocr_line' id='line_1_15' title="bbox 100 1477 1800 1555; baseline -0.004 -18"><span class='ocrx_word' id='word_1_82' title='bbox 100 1491 390 1555; x_wconf 85' lang='lat' dir='ltr'><strong>mortuo;</strong></span> <span class='ocrx_word' id='word_1_83' title='bbox 436 1478 702 1539; x_wconf 88' lang='lat' dir='ltr'><strong>alterum</strong></span> <span class='ocrx_word' id='word_1_84' title='bbox 739 1477 936 1538; x_wconf 85' lang='lat' dir='ltr'><strong>filium</strong></span> <span class='ocrx_word' id='word_1_85' title='bbox 960 1478 1340 1554; x_wconf 70' lang='lat' dir='ltr'><strong>Leopolclam</strong></span> <span class='ocrx_word' id='word_1_86' title='bbox 1378 1493 1800 1534; x_wconf 85' lang='lat' dir='ltr'><strong>successorem</strong></span> 
     </span>
     <span class='ocr_line' id='line_1_16' title="bbox 100 1565 592 1650; baseline 0.006 -27"><span class='ocrx_word' id='word_1_87' title='bbox 100 1565 363 1650; x_wconf 83' lang='lat' dir='ltr'><strong>reliquit</strong></span> <span class='ocrx_word' id='word_1_88' title='bbox 409 1566 592 1628; x_wconf 81' lang='lat'><strong>1657.</strong></span> 
     </span>
    </p>

    <p class='ocr_par' dir='ltr' id='par_1_4' title="bbox 94 1648 1805 2703">
     <span class='ocr_line' id='line_1_17' title="bbox 275 1648 1796 1736; baseline -0.003 -24"><span class='ocrx_word' id='word_1_89' title='bbox 275 1657 623 1731; x_wconf 75' lang='lat' dir='ltr'><strong>Leopoldas</strong></span> <span class='ocrx_word' id='word_1_90' title='bbox 665 1655 714 1712; x_wconf 93' lang='lat' dir='ltr'><strong>I.</strong></span> <span class='ocrx_word' id='word_1_91' title='bbox 750 1655 1011 1736; x_wconf 83' lang='lat' dir='ltr'><strong>Magnus</strong></span> <span class='ocrx_word' id='word_1_92' title='bbox 1040 1699 1057 1730; x_wconf 91' lang='lat'><strong>,</strong></span> <span class='ocrx_word' id='word_1_93' title='bbox 1103 1652 1383 1734; x_wconf 80' lang='lat' dir='ltr'><strong>regimen</strong></span> <span class='ocrx_word' id='word_1_94' title='bbox 1416 1648 1796 1731; x_wconf 83' lang='lat' dir='ltr'><strong>gravissimis</strong></span> 
     </span>
     <span class='ocr_line' id='line_1_18' title="bbox 99 1741 1798 1825; baseline -0.002 -26"><span class='ocrx_word' id='word_1_95' title='bbox 99 1741 303 1800; x_wconf 87' lang='lat' dir='ltr'><strong>turbis</strong></span> <span class='ocrx_word' id='word_1_96' title='bbox 344 1742 681 1825; x_wconf 82' lang='lat' dir='ltr'><strong>implexum</strong></span> <span class='ocrx_word' id='word_1_97' title='bbox 717 1742 1045 1817; x_wconf 86' lang='lat' dir='ltr'><strong>obtinens,</strong></span> <span class='ocrx_word' id='word_1_98' title='bbox 1114 1741 1350 1821; x_wconf 82' lang='lat' dir='ltr'><strong>magnis</strong></span> <span class='ocrx_word' id='word_1_99' title='bbox 1387 1759 1505 1821; x_wconf 91' lang='lat' dir='ltr'><strong>per</strong></span> <span class='ocrx_word' id='word_1_100' title='bbox 1544 1758 1798 1796; x_wconf 88' lang='lat' dir='ltr'><strong>omnem</strong></span> 
     </span>
     <span class='ocr_line' id='line_1_19' title="bbox 97 1823 1802 1912; baseline -0.002 -24"><span class='ocrx_word' id='word_1_101' title='bbox 97 1833 296 1888; x_wconf 83' lang='lat' dir='ltr'><strong>vitam</strong></span> <span class='ocrx_word' id='word_1_102' title='bbox 330 1829 792 1912; x_wconf 83' lang='lat' dir='ltr'><strong>tempestatibus</strong></span> <span class='ocrx_word' id='word_1_103' title='bbox 842 1828 1135 1912; x_wconf 86' lang='lat' dir='ltr'><strong>jactatus,</strong></span> <span class='ocrx_word' id='word_1_104' title='bbox 1197 1839 1457 1910; x_wconf 82' lang='lat' dir='ltr'><strong>praeter</strong></span> <span class='ocrx_word' id='word_1_105' title='bbox 1496 1823 1652 1885; x_wconf 89' lang='lat' dir='ltr'><strong>duos</strong></span> <span class='ocrx_word' id='word_1_106' title='bbox 1687 1846 1802 1907; x_wconf 89' lang='lat' dir='ltr'><strong>po-</strong></span> 
     </span>
     <span class='ocr_line' id='line_1_20' title="bbox 101 1914 1804 1989; baseline -0.004 -13"><span class='ocrx_word' id='word_1_107' title='bbox 101 1920 471 1977; x_wconf 88' lang='lat' dir='ltr'><strong>tentissimos</strong></span> <span class='ocrx_word' id='word_1_108' title='bbox 531 1915 731 1978; x_wconf 89' lang='lat' dir='ltr'><strong>hostes</strong></span> <span class='ocrx_word' id='word_1_109' title='bbox 789 1919 853 1976; x_wconf 92' lang='lat' dir='ltr'><strong>in</strong></span> <span class='ocrx_word' id='word_1_110' title='bbox 905 1919 1148 1978; x_wconf 86' lang='lat' dir='ltr'><strong>oriente</strong></span> <span class='ocrx_word' id='word_1_111' title='bbox 1200 1916 1469 1989; x_wconf 87' lang='lat' dir='ltr'><strong>Turcas,</strong></span> <span class='ocrx_word' id='word_1_112' title='bbox 1532 1915 1596 1971; x_wconf 92' lang='lat' dir='ltr'><strong>in</strong></span> <span class='ocrx_word' id='word_1_113' title='bbox 1637 1914 1804 1972; x_wconf 88' lang='lat' dir='ltr'><strong>occi-</strong></span> 
     </span>
     <span class='ocr_line' id='line_1_21' title="bbox 102 2000 1800 2087; baseline -0.003 -24"><span class='ocrx_word' id='word_1_114' title='bbox 102 2005 288 2066; x_wconf 85' lang='lat' dir='ltr'><strong>dente</strong></span> <span class='ocrx_word' id='word_1_115' title='bbox 328 2005 534 2064; x_wconf 88' lang='lat' dir='ltr'><strong>Gallos</strong></span> <span class='ocrx_word' id='word_1_116' title='bbox 594 2007 654 2063; x_wconf 90' lang='lat' dir='ltr'><strong>in</strong></span> <span class='ocrx_word' id='word_1_117' title='bbox 695 2007 1034 2087; x_wconf 86' lang='lat' dir='ltr'><strong>perniciem</strong></span> <span class='ocrx_word' id='word_1_118' title='bbox 1093 2004 1384 2063; x_wconf 88' lang='lat' dir='ltr'><strong>Austriae</strong></span> <span class='ocrx_word' id='word_1_119' title='bbox 1424 2000 1800 2061; x_wconf 85' lang='lat' dir='ltr'><strong>incumben-</strong></span> 
     </span>
     <span class='ocr_line' id='line_1_22' title="bbox 101 2091 1805 2176; baseline -0.004 -24"><span class='ocrx_word' id='word_1_120' title='bbox 101 2108 190 2153; x_wconf 87' lang='lat' dir='ltr'><strong>tes</strong></span> <span class='ocrx_word' id='word_1_121' title='bbox 247 2093 494 2153; x_wconf 86' lang='lat' dir='ltr'><strong>fortiter</strong></span> <span class='ocrx_word' id='word_1_122' title='bbox 524 2095 844 2167; x_wconf 78' lang='lat' dir='ltr'><strong>sustinuit,</strong></span> <span class='ocrx_word' id='word_1_123' title='bbox 890 2095 1119 2176; x_wconf 86' lang='lat' dir='ltr'><strong>quibus</strong></span> <span class='ocrx_word' id='word_1_124' title='bbox 1167 2091 1417 2152; x_wconf 86' lang='lat' dir='ltr'><strong>demum</strong></span> <span class='ocrx_word' id='word_1_125' title='bbox 1458 2092 1759 2171; x_wconf 87' lang='lat' dir='ltr'><strong>superatis</strong></span> <span class='ocrx_word' id='word_1_126' title='bbox 1785 2135 1805 2159; x_wconf 91' lang='lat'><strong><em>‚</em></strong></span> 
     </span>
     <span class='ocr_line' id='line_1_23' title="bbox 99 2175 1800 2263; baseline -0.004 -23"><span class='ocrx_word' id='word_1_127' title='bbox 99 2182 547 2263; x_wconf 79' lang='lat' dir='ltr'><strong>Hungarorum</strong></span> <span class='ocrx_word' id='word_1_128' title='bbox 583 2204 838 2263; x_wconf 85' lang='lat' dir='ltr'><strong>quoque</strong></span> <span class='ocrx_word' id='word_1_129' title='bbox 882 2184 1116 2240; x_wconf 89' lang='lat' dir='ltr'><strong>animos</strong></span> <span class='ocrx_word' id='word_1_130' title='bbox 1157 2178 1546 2251; x_wconf 88' lang='lat' dir='ltr'><strong>conciliavit,</strong></span> <span class='ocrx_word' id='word_1_131' title='bbox 1604 2189 1666 2236; x_wconf 88' lang='lat' dir='ltr'><strong>et</strong></span> <span class='ocrx_word' id='word_1_132' title='bbox 1705 2175 1800 2259; x_wconf 89' lang='lat' dir='ltr'><strong>jus</strong></span> 
     </span>
     <span class='ocr_line' id='line_1_24' title="bbox 100 2268 1801 2351; baseline -0.003 -24"><span class='ocrx_word' id='word_1_133' title='bbox 100 2268 542 2330; x_wconf 81' lang='lat' dir='ltr'><strong>haereditariae</strong></span> <span class='ocrx_word' id='word_1_134' title='bbox 599 2272 995 2329; x_wconf 87' lang='lat' dir='ltr'><strong>successionis</strong></span> <span class='ocrx_word' id='word_1_135' title='bbox 1048 2268 1125 2328; x_wconf 86' lang='lat' dir='ltr'><strong>ad</strong></span> <span class='ocrx_word' id='word_1_136' title='bbox 1185 2268 1635 2351; x_wconf 82' lang='lat' dir='ltr'><strong>primogenitos</strong></span> <span class='ocrx_word' id='word_1_137' title='bbox 1691 2286 1801 2324; x_wconf 76' lang='lat' dir='ltr'><strong>ex-</strong></span> 
     </span>
     <span class='ocr_line' id='line_1_25' title="bbox 99 2355 1802 2441; baseline -0.005 -24"><span class='ocrx_word' id='word_1_138' title='bbox 99 2358 331 2433; x_wconf 71' lang='lat' dir='ltr'><strong>tendit,</strong></span> <span class='ocrx_word' id='word_1_139' title='bbox 381 2362 541 2417; x_wconf 85' lang='lat' dir='ltr'><strong>inter</strong></span> <span class='ocrx_word' id='word_1_140' title='bbox 567 2380 717 2440; x_wconf 85' lang='lat' dir='ltr'><strong>quas</strong></span> <span class='ocrx_word' id='word_1_141' title='bbox 758 2369 1178 2441; x_wconf 84' lang='lat' dir='ltr'><strong>tempestates,</strong></span> <span class='ocrx_word' id='word_1_142' title='bbox 1216 2355 1551 2415; x_wconf 88' lang='lat' dir='ltr'><strong>interdicto</strong></span> <span class='ocrx_word' id='word_1_143' title='bbox 1596 2355 1802 2413; x_wconf 83' lang='lat' dir='ltr'><strong>omnis</strong></span> 
     </span>
     <span class='ocr_line' id='line_1_26' title="bbox 94 2440 1796 2525; baseline -0.004 -21"><span class='ocrx_word' id='word_1_144' title='bbox 94 2447 346 2505; x_wconf 84' lang='lat' dir='ltr'><strong>alterius</strong></span> <span class='ocrx_word' id='word_1_145' title='bbox 397 2448 610 2507; x_wconf 86' lang='lat' dir='ltr'><strong>Sectae</strong></span> <span class='ocrx_word' id='word_1_146' title='bbox 654 2469 800 2522; x_wconf 82' lang='lat' dir='ltr'><strong>usn,</strong></span> <span class='ocrx_word' id='word_1_147' title='bbox 867 2445 1217 2506; x_wconf 85' lang='lat' dir='ltr'><strong>Catholicae</strong></span> <span class='ocrx_word' id='word_1_148' title='bbox 1272 2442 1560 2525; x_wconf 81' lang='lat' dir='ltr'><strong>religioni</strong></span> <span class='ocrx_word' id='word_1_149' title='bbox 1605 2440 1796 2502; x_wconf 87' lang='lat' dir='ltr'><strong>decus</strong></span> 
     </span>
     <span class='ocr_line' id='line_1_27' title="bbox 98 2529 1797 2618; baseline -0.004 -25"><span class='ocrx_word' id='word_1_150' title='bbox 98 2537 402 2610; x_wconf 82' lang='lat' dir='ltr'><strong>restituit,</strong></span> <span class='ocrx_word' id='word_1_151' title='bbox 465 2557 729 2617; x_wconf 83' lang='lat' dir='ltr'><strong>regnum</strong></span> <span class='ocrx_word' id='word_1_152' title='bbox 765 2535 1002 2618; x_wconf 80' lang='lat' dir='ltr'><strong>legibus</strong></span> <span class='ocrx_word' id='word_1_153' title='bbox 1046 2532 1367 2607; x_wconf 88' lang='lat' dir='ltr'><strong>stabilivit,</strong></span> <span class='ocrx_word' id='word_1_154' title='bbox 1409 2551 1479 2589; x_wconf 91' lang='lat' dir='ltr'><strong>ac</strong></span> <span class='ocrx_word' id='word_1_155' title='bbox 1519 2529 1797 2591; x_wconf 86' lang='lat' dir='ltr'><strong>Victori-</strong></span> 
     </span>
     <span class='ocr_line' id='line_1_28' title="bbox 98 2617 1795 2703; baseline -0.005 -21"><span class='ocrx_word' id='word_1_156' title='bbox 98 2645 169 2684; x_wconf 85' lang='lat' dir='ltr'><strong>ae</strong></span> <span class='ocrx_word' id='word_1_157' title='bbox 199 2622 431 2682; x_wconf 87' lang='lat' dir='ltr'><strong>fructus</strong></span> <span class='ocrx_word' id='word_1_158' title='bbox 451 2622 867 2703; x_wconf 72' lang='lat' dir='ltr'><strong>decet-pandos</strong></span> <span class='ocrx_word' id='word_1_159' title='bbox 888 2622 1026 2682; x_wconf 87' lang='lat' dir='ltr'><strong>filiis</strong></span> <span class='ocrx_word' id='word_1_160' title='bbox 1046 2622 1405 2703; x_wconf 84' lang='lat' dir='ltr'><strong>relinquens</strong></span> <span class='ocrx_word' id='word_1_161' title='bbox 1424 2617 1584 2678; x_wconf 89' lang='lat' dir='ltr'><strong>obiit</strong></span> <span class='ocrx_word' id='word_1_162' title='bbox 1607 2618 1634 2673; x_wconf 88' lang='lat'>1</span> <span class='ocrx_word' id='word_1_163' title='bbox 1651 2618 1795 2676; x_wconf 80' lang='lat'><strong>705.</strong></span> 
     </span>
    </p>

    <p class='ocr_par' dir='ltr' id='par_1_5' title="bbox 98 2703 1801 2946">
     <span class='ocr_line' id='line_1_29' title="bbox 274 2703 1801 2793; baseline -0.005 -24"><span class='ocrx_word' id='word_1_164' title='bbox 274 2714 572 2788; x_wconf 70' lang='lat' dir='ltr'><strong>Joseplms</strong></span> <span class='ocrx_word' id='word_1_165' title='bbox 616 2712 668 2766; x_wconf 76' lang='lat' dir='ltr'><strong>I,</strong></span> <span class='ocrx_word' id='word_1_166' title='bbox 730 2713 1074 2793; x_wconf 88' lang='lat' dir='ltr'><strong>Imperium</strong></span> <span class='ocrx_word' id='word_1_167' title='bbox 1114 2707 1444 2790; x_wconf 83' lang='lat' dir='ltr'><strong>multiplici</strong></span> <span class='ocrx_word' id='word_1_168' title='bbox 1486 2703 1657 2765; x_wconf 89' lang='lat' dir='ltr'><strong>bello</strong></span> <span class='ocrx_word' id='word_1_169' title='bbox 1701 2706 1801 2762; x_wconf 86' lang='lat' dir='ltr'><strong>in-</strong></span> 
     </span>
     <span class='ocr_line' id='line_1_30' title="bbox 100 2791 1800 2879; baseline -0.004 -23"><span class='ocrx_word' id='word_1_170' title='bbox 100 2799 383 2858; x_wconf 85' lang='lat' dir='ltr'><strong>volutum</strong></span> <span class='ocrx_word' id='word_1_171' title='bbox 424 2799 729 2879; x_wconf 83' lang='lat' dir='ltr'><strong>suscepit,</strong></span> <span class='ocrx_word' id='word_1_172' title='bbox 798 2821 942 2857; x_wconf 87' lang='lat' dir='ltr'><strong>nam</strong></span> <span class='ocrx_word' id='word_1_173' title='bbox 996 2799 1203 2857; x_wconf 83' lang='lat' dir='ltr'><strong>statim</strong></span> <span class='ocrx_word' id='word_1_174' title='bbox 1241 2798 1480 2878; x_wconf 88' lang='lat' dir='ltr'><strong>primus</strong></span> <span class='ocrx_word' id='word_1_175' title='bbox 1518 2791 1649 2875; x_wconf 87' lang='lat' dir='ltr'><strong>ejus</strong></span> <span class='ocrx_word' id='word_1_176' title='bbox 1686 2814 1800 2849; x_wconf 83' lang='lat' dir='ltr'><strong>an-</strong></span> 
     </span>
     <span class='ocr_line' id='line_1_31' title="bbox 98 2882 1792 2946; baseline -0.004 -2"><span class='ocrx_word' id='word_1_177' title='bbox 98 2908 211 2945; x_wconf 89' lang='lat' dir='ltr'><strong>nus</strong></span> <span class='ocrx_word' id='word_1_178' title='bbox 248 2901 384 2946; x_wconf 88' lang='lat' dir='ltr'><strong>erat</strong></span> <span class='ocrx_word' id='word_1_179' title='bbox 426 2885 713 2946; x_wconf 86' lang='lat' dir='ltr'><strong>turbidus</strong></span> <span class='ocrx_word' id='word_1_180' title='bbox 753 2886 828 2944; x_wconf 90' lang='lat' dir='ltr'><strong>ad</strong></span> <span class='ocrx_word' id='word_1_181' title='bbox 864 2885 1154 2945; x_wconf 84' lang='lat' dir='ltr'><strong>Rhenum</strong></span> <span class='ocrx_word' id='word_1_182' title='bbox 1195 2883 1278 2944; x_wconf 88' lang='lat' dir='ltr'><strong>ob</strong></span> <span class='ocrx_word' id='word_1_183' title='bbox 1316 2882 1571 2941; x_wconf 84' lang='lat' dir='ltr'><strong>fratrem</strong></span> <span class='ocrx_word' id='word_1_184' title='bbox 1613 2900 1792 2939; x_wconf 90' lang='lat' dir='ltr'><strong>suum</strong></span> 
     </span>
    </p>
   </div>
   <div class='ocr_carea' id='block_1_3' title="bbox 104 2969 1798 3140">
    <p class='ocr_par' dir='ltr' id='par_1_6' title="bbox 104 2969 1798 3140">
     <span class='ocr_line' id='line_1_32' title="bbox 104 2969 1798 3052; baseline -0.004 -20"><span class='ocrx_word' id='word_1_185' title='bbox 104 2977 424 3052; x_wconf 71' lang='lat' dir='ltr'><strong>Camlmn,</strong></span> <span class='ocrx_word' id='word_1_186' title='bbox 470 2972 730 3036; x_wconf 79' lang='lat' dir='ltr'><strong>difficilis</strong></span> <span class='ocrx_word' id='word_1_187' title='bbox 770 2977 832 3032; x_wconf 90' lang='lat' dir='ltr'><strong>in</strong></span> <span class='ocrx_word' id='word_1_188' title='bbox 874 2973 1040 3033; x_wconf 82' lang='lat' dir='ltr'><strong>Italia</strong></span> <span class='ocrx_word' id='word_1_189' title='bbox 1071 2973 1153 3032; x_wconf 91' lang='lat' dir='ltr'><strong>ob</strong></span> <span class='ocrx_word' id='word_1_190' title='bbox 1184 2971 1632 3031; x_wconf 84' lang='lat' dir='ltr'><strong>successionem</strong></span> <span class='ocrx_word' id='word_1_191' title='bbox 1678 2969 1798 3025; x_wconf 85' lang='lat' dir='ltr'><strong>Hi-</strong></span> 
     </span>
     <span class='ocr_line' id='line_1_33' title="bbox 1509 3056 1714 3140; baseline 0 -24"><span class='ocrx_word' id='word_1_192' title='bbox 1509 3056 1714 3140; x_wconf 86' lang='lat' dir='ltr'><strong>spani-</strong></span> 
     </span>
    </p>
   </div>
  </div>
 </body>
</html>
