1940 3672
264 199 340 254 40
824 204 1105 260 Hiato
1131 205 1272 262 ria

165 375 549 437 svetudinern
579 426 594 451 ‚
641 394 701 439 et
737 380 1025 452 vivendi,
1072 378 1291 462 agendi
1327 393 1387 439 et
1422 377 1723 438 sentiendi
1757 402 1854 437 ra-

123 472 126 475 ’
168 467 435 538 tionem,
485 490 669 549 quam
710 466 833 550 jam
887 467 1016 548 ejus
1068 468 1562 551 praedecessores
1620 465 1853 525 dudum

166 552 576 627 anhelabant,
643 578 805 613 nunc
869 556 1135 615 infausto
1191 558 1463 616 Ministri
1539 558 1855 632 Squillae-e

164 642 424 701 consilio
471 644 716 701 effectui
757 646 1205 725 mancipatam3
1265 667 1407 704 cum
1450 667 1573 704 non
1628 645 1849 722 exigua

160 732 393 787 civium
425 730 604 789 caede
656 733 841 792 1766.
889 753 1094 790 comes
1149 735 1421 791 Aranda
1473 731 1851 815 suppressit,

159 815 331 897 cujus
380 817 740 877 melioribus
772 819 1043 878 consiliis
1080 817 1225 879 dein
1286 824 1549 881 Carolus
1590 824 1652 878 in
1705 840 1854 877 con-

155 904 575 965 foederatione
593 906 1618 981 GallorumstiellurnAmericanum
1638 922 1856 967 contra

160 993 491 1052 Britannos
532 993 693 1055 haud
734 995 1065 1057 infeliciter
1098 999 1320 1077 gessit,
1369 1020 1512 1056 nam
1550 997 1694 1056 licet
1743 998 1853 1052 Ga·-

160 1083 545 1140 hraltariam
586 1086 944 1165 gravissima
984 1088 1170 1144 etiam
1204 1086 1491 1145 triennali
1529 1084 1854 1144 obsidione

159 1191 522 1253 expugnare
564 1196 689 1231 non
734 1172 1021 1233 valuisset
1047 1220 1061 1245 ,
1104 1189 1308 1233 tamen
1344 1174 1430 1231 ibi
1485 1176 1809 1231 Floriclam
1834 1217 1850 1242 ,

159 1260 223 1316 in
271 1260 518 1343 Europa
551 1283 701 1321 vero
747 1261 1338 1344 sssinoreamAnglis
1370 1263 1635 1347 eripuit,
1666 1262 1850 1320 1785.

160 1368 309 1436 pace
357 1350 539 1407 etiam
592 1352 984 1409 Versatiensi
1026 1350 1170 1415 dein
1204 1350 1555 1410 stabilitam.
1604 1350 1849 1421 Quibus

162 1437 329 1495 curis
361 1436 673 1498 confectus
740 1441 1001 1499 Carolus
1068 1463 1117 1499 a.
1170 1443 1354 1500 1788.
1411 1453 1695 1498 mortuus
1745 1451 1853 1497 est.

317 1543 394 1600 X.
451 1544 710 1601 Carolus
741 1543 849 1604 IV.
872 1547 1037 1626 patri
1075 1548 1299 1603 Cat-olo
1323 1545 1675 1615 succeden8‚
1700 1565 1847 1603 mox

157 1628 464 1688 Gallicum
504 1631 738 1692 bellum
758 1635 1034 1714 experiri
1072 1632 1288 1693 debuit
1313 1634 1469 1706 iden,
1518 1632 1688 1715 quod
1722 1631 1850 1691 foe—

157 1717 385 1776 deratis
422 1722 920 1778 Pllnitziensibus
970 1723 1098 1804 ipse
1145 1724 1331 1780 etiam
1379 1725 1692 1782 accessisse
1719 1743 1855 1779 cre-

159 1805 449 1882 deretur,
498 1810 607 1891 qui
659 1810 841 1867 etiam
885 1811 1066 1881 1795.
1116 1808 1320 1868 valido
1378 1831 1520 1868 cum
1567 1812 1851 1869 exercitu

155 1894 392 1954 bellum
433 1895 770 1957 laetissimis
811 1898 1002 1956 initiis
1043 1910 1425 1979 prosecutus,
1465 1919 1674 1958 arcem
1698 1901 1853 1955 Bel-

156 1987 413 2061 legarcle
453 2005 777 2068 occupanS,
806 1987 1260 2062 Perpinianam
1291 1987 1515 2046 urbem
1569 1985 1851 2056 obsedit,

158 2071 325 2131 unde
370 2084 571 2132 tamen
613 2087 915 2155 sequente
946 2094 1109 2133 anno
1135 2075 1217 2135 ob
1253 2074 1481 2132 ducum
1521 2073 1848 2158 perfidiam

157 2163 498 2220 exercitum
551 2159 849 2221 reducere
884 2161 1132 2236 debuit,
1171 2185 1297 2244 quo
1326 2161 1488 2222 facto
1534 2162 1694 2221 Galli
1726 2164 1852 2222 Na*

159 2271 410 2307 varrum
446 2265 509 2308 et
540 2249 956 2307 Catalauniam
991 2250 1164 2309 ferro
1204 2250 1590 2311 devastantes
1613 2296 1628 2321 ,
1673 2273 1842 2311 com-

158 2340 352 2396 missis
391 2340 576 2397 variis
616 2340 871 2420 pugnis,
921 2353 1157 2396 tamum
1202 2353 1509 2398 terrorem
1559 2342 1850 2424 Hispanis
1924 2341 1926 2343 ’

159 2427 584 2499 incusserunt,
632 2441 702 2484 ut
745 2430 1006 2485 Cat-olas
1031 2427 1114 2485 ob
1138 2424 1560 2487 infidelitatem
1592 2428 1848 2498 ducum,

156 2527 601 2596 exortamque,
648 2515 773 2572 imo
807 2513 927 2596 jam
978 2530 1306 2596 grassatam
1372 2518 1435 2573 in
1504 2517 1845 2576 visceribus

159 2604 368 2683 regni,
414 2604 717 2685 imprimis
762 2605 1037 2662 Gadibus
1073 2602 1474 2663 rebellionem
1498 2650 1513 2677 ,
1561 2627 1729 2688 spem
1762 2607 1850 2663 fe·-

159 2691 388 2750 licioris
429 2689 576 2751 belli
617 2712 951 2774 seponens,
998 2694 1256 2750 amicam
1298 2694 1500 2774 potius
1518 2714 1658 2752 cum
1699 2694 1848 2750 Gal-

158 2779 231 2838 lis
278 2799 492 2861 pacem
546 2782 844 2837 Basileae
905 2782 1087 2841 1795.
1151 2782 1366 2851 inivit,
1409 2782 1625 2861 vigore
1672 2783 1846 2864 cujus

155 2882 478 2951 occupatas
540 2891 573 2926 a
626 2868 815 2927 Gallis
862 2871 1215 2950 provincias
1276 2873 1699 2953 recuperavit,
1747 2870 1850 2930 sed

166 2956 419 3015 insulam
450 2957 769 3034 Domingo
812 2956 1004 3016 Gallis
1023 2956 1241 3018 cedere
1274 2957 1519 3019 debuit:
1558 2983 1720 3042 quae
1741 2960 1852 3020 de-

163 3045 422 3104 siderata
506 3068 624 3128 pax
704 3045 1001 3130 quoniam
1065 3046 1222 3109 duce
1301 3049 1576 3108 Alculcla
1638 3048 1848 3110 fuisset

1613 3160 1763 3220 PFO-
