1940 3672
687 163 1271 236 Hispanorum.
1638 163 1712 234 27

124 340 196 393 lia
236 340 622 392 Saracenorum
661 332 997 404 prostravit3
1038 349 1144 402 quo
1176 340 1430 399 regnante
1470 349 1636 401 usque
1671 330 1792 386 910.

129 411 344 480 primus
411 425 508 459 rex
553 403 878 472 Arragoniae
950 411 1004 452 et
1059 401 1436 470 Pampeloniae
1487 402 1659 451 factus
1726 412 1808 451 est

127 479 380 533 Abarca,
419 473 665 526 Tandem
719 472 1035 542 Alplzonsus
1082 490 1112 522 a
1160 469 1274 522 filio
1333 470 1564 536 (J'arsz'a⁴
1595 469 1801 521 nefarie

127 567 294 617 regno
349 545 641 614 depositus.
735 541 987 592 Gar-siae
1055 549 1176 612 post
1240 541 1536 607 triennium
1584 549 1805 590 mortuo

121 617 372 670 successit
418 614 588 667 frater
644 610 927 661 Ordonc'us
948 609 1064 662 913.
1105 620 1288 662 contra
1311 612 1602 660 Saracenos
1634 608 1764 659 felix
1788 648 1803 669 ,

118 707 242 738 nam
275 701 444 755 prope
489 681 797 737 Castellczm
839 679 918 732 70.
956 681 1124 732 millia
1159 681 1468 734 trucidavit,
1507 678 1564 743 cl)
1608 688 1660 729 et
1695 679 1803 729 Al-

120 771 443 809 mansorem
499 752 554 801 in
603 749 789 818 fugam
842 751 1107 820 conjecit,
1178 749 1302 804 923.
1366 748 1562 799 Sedem
1623 747 1801 798 Oveto

119 825 406 891 Legionem
447 822 741 879 transtulit,
782 821 926 870 unde
966 822 1129 870 etiam
1161 823 1274 871 Rex
1309 819 1655 887 Legionensis
1683 818 1802 867 die-

122 904 210 944 tus
247 901 364 941 est:
405 892 492 941 sed
535 891 673 943 sicut
704 890 817 957 ipse
855 890 1147 942 Saracenos
1201 908 1268 941 ex
1301 888 1566 942 Gallaecia
1606 887 1800 957 ejecit,

126 964 198 1013 ita
231 963 395 1012 etiam
446 959 766 1013 Cantabriae
819 969 1031 1027 partem
1084 960 1283 1012 amisit.
1355 957 1620 1009 Successit
1671 957 1800 1006 dein

118 1032 333 1083 Froc'la
369 1030 458 1082 II.
496 1061 564 1068 —
602 1029 719 1082 925.
764 1029 1079 1098 Alplzonsus
1119 1029 1227 1079 IV.
1266 1028 1330 1080 ad
1379 1027 1498 1081 928.
1539 1028 1632 1094 qui
1665 1025 1799 1076 dum

119 1119 175 1150 se
225 1100 556 1152 Monachum
600 1100 864 1161 vovisset,
901 1116 1034 1152 mox
1079 1116 1108 1149 a
1163 1099 1484 1151 Raninzere
1536 1097 1707 1147 fratre
1744 1095 1801 1146 vi

119 1171 177 1221 in
234 1170 624 1225 Monasterium
663 1168 913 1221 detrusus
961 1177 1060 1219 est.
1135 1167 1485 1218 Ram'mz'rus
1531 1183 1660 1216 vero
1706 1163 1800 1219 80.

112 1239 347 1292 millium
389 1240 782 1290 Saracenorum
820 1238 974 1289 caede
1028 1237 1325 1308 imperium
1371 1235 1683 1300 illustrans,
1730 1234 1799 1284 fi-

112 1310 248 1361 lium
298 1327 456 1360 suum
501 1307 818 1360 ordonium
854 1308 969 1362 950,
1008 1324 1364 1363 successorem
1411 1305 1666 1373 reliquit,
1706 1304 1802 1373 qui

114 1388 233 1431 toto
272 1379 647 1451 quinquennio
687 1377 873 1430 fratris
911 1378 993 1430 sui
1032 1379 1258 1428 Sanctz’c'
1291 1375 1648 1428 seditionibus
1685 1374 1802 1441 agi-

115 1458 261 1499 tatus
285 1490 298 1513 ,
339 1467 603 1517 regnuum
639 1449 817 1501 eidem
854 1449 1041 1500 redere
1075 1448 1280 1511 debuit,
1319 1444 1411 1498 sed
1447 1454 1499 1495 et
1535 1444 1624 1495 hic
1656 1442 1803 1495 mul-

111 1529 234 1570 tum
285 1530 540 1580 vexatus,
578 1518 798 1573 demum
862 1527 1127 1569 venenato
1180 1536 1344 1588 pomo
1388 1514 1631 1567 sublatus
1688 1521 1804 1575 est,

114 1587 235 1641 967.
273 1590 464 1641 relicto
507 1588 621 1639 filio
688 1589 1008 1643 Ranimero
1053 1587 1177 1640 III.
1236 1588 1518 1654 interquae
1572 1583 1800 1636 Allmca

110 1659 504 1710 Saracenorum
539 1677 638 1709 rex
662 1698 674 1719 ,
715 1658 889 1710 multa
945 1658 1086 1710 bona
1123 1657 1311 1709 comiti
1367 1654 1627 1706 Castellae
1667 1653 1799 1703 ade-

111 1729 237 1783 mit.
314 1730 512 1783 Verum
544 1729 899 1783 Bccmz'nt'rus
929 1746 1100 1799 quum
1126 1745 1179 1780 se
1215 1725 1534 1779 insolentius
1571 1732 1802 1792 gereret,

111 1816 140 1848 a
184 1798 426 1851 Statibus
471 1800 625 1866 regni
663 1799 940 1869 depositus
991 1798 1110 1856 985.
1150 1808 1201 1848 et
1238 1793 1633 1848 Ver-emundas
1686 1794 1801 1863 ejus

111 1867 285 1918 frater
340 1887 439 1920 rex
490 1879 699 1920 creatus
726 1908 739 1933 ,
796 1886 958 1938 quem
1000 1868 1129 1921 licet
1160 1867 1225 1920 ad
1259 1869 1552 1918 Saracenos
1597 1864 1806 1915 victum

113 1936 383 2005 fugasset,
423 1939 701 2009 inopinate
738 1949 919 1990 tamen
956 1957 1023 1989 ex
1060 1938 1169 1990 vita
1214 1937 1477 1988 decedens
1505 1975 1518 1998 ,
1558 1934 1604 1985 ei
1640 1933 1800 1985 thro-

116 2025 249 2058 num
311 2011 591 2060 concessit.
670 2009 793 2074 Quo
840 2017 1085 2078 tempore
1131 2008 1407 2062 Saracenis
1439 2014 1660 2056 mortuo
1690 2003 1802 2055 Al-

113 2078 261 2128 ]ιαοα
298 2079 685 2129 dominabatur
724 2078 958 2132 Hissem
981 2119 994 2142 ‚
1034 2077 1185 2145 cujus
1246 2087 1398 2129 tutor
1451 2075 1796 2135 Almansor,

111 2148 302 2216 Spatio
354 2148 435 2201 26.
474 2166 743 2199 annorum
802 2148 883 2200 52.
937 2149 1307 2218 expeditiones
1357 2149 1412 2199 in
1464 2143 1800 2196 Christianos

110 2218 405 2288 suscepisse
456 2218 678 2276 dicitur.
752 2221 956 2269 Exorta
1011 2220 1156 2272 enim
1219 2218 1361 2269 civili
1423 2214 1798 2275 dissensione,

112 2304 341 2356 regnum
398 2288 730 2356 Legionense
795 2299 848 2340 et
886 2288 1182 2339 Gallaeciae
1234 2287 1488 2339 Saraceni
1530 2301 1805 2354 occupan-

116 2367 228 2422 tes,
279 2357 496 2409 tandem
550 2359 643 2409 alii
709 2358 1062 2427 evigilantes,
1125 2356 1360 2409 feliciter
1403 2358 1803 2409 Almansorem

123 2427 407 2480 trucidatis
453 2427 538 2487 70.
577 2428 819 2480 millibus
857 2429 1220 2500 profligarunt
1254 2438 1308 2480 et
1336 2430 1528 2479 amissa
1576 2440 1807 2492 recupe-

120 2507 354 2570 rarunt„
377 2496 442 2546 V
435 2499 801 2551 eremunclum
840 2502 894 2550 in
928 2500 1192 2568 regimine
1231 2500 1446 2568 excepit
1475 2496 1797 2567 Alplconsus

135 2567 208 2623 V.
249 2569 461 2637 subquo
502 2569 815 2620 Almcmsor
869 2572 1125 2620 Asturam
1169 2569 1409 2631 obsedit,
1447 2566 1804 2618 Barcinonem

116 2647 169 2687 et
220 2638 511 2705 Legionem
551 2639 919 2707 expugnavit,
977 2638 1399 2709 Compostellam
1444 2655 1573 2689 vero
1612 2637 1801 2686 incen-

115 2704 245 2755 dens
279 2725 562 2777 campanas
614 2710 933 2778 asportavit.
1004 2712 1240 2761 Demum
1277 2705 1638 2758 Verenmndo
1673 2701 1797 2757 III.

119 2773 276 2833 1037.
314 2776 718 2830 ferdinandus
756 2781 825 2829 M.
860 2778 1184 2845 succedenS,
1222 2778 1475 2847 Legionis
1507 2785 1559 2826 et
1594 2771 1802 2900 Calstel-

1673 2860 1732 2895 ae

191 3038 250 3102 a)
293 3034 533 3091 Mariana
584 3035 642 3088 in
672 3037 913 3099 Historia
933 3039 1236 3112 Hispaniae.
1260 3039 1306 3090 V
1308 3055 1489 3093 asaeus
1527 3037 1582 3091 in
1607 3036 1797 3095 chron,
