1940 3672
234 199 310 259 68
802 204 1204 260 [Ιίείονιά

142 378 424 462 alioquin
491 381 574 439 ob
622 394 928 463 oportuna
992 379 1244 440 flumina
1290 378 1829 461 antiquissimum,

143 480 311 529 certe
335 470 467 528 sine
500 464 656 550 justa
688 490 863 529 causa
902 470 1110 528 omisit
1140 471 1351 526 Julius
1382 470 1630 525 Caesar.
1653 469 1832 525 Plebs

142 555 387 622 nullum
425 554 710 614 ordinem
748 558 1108 627 constituit,
1157 554 1263 614 sed
1317 577 1645 616 servorum
1690 554 1828 614 loco

142 642 528 716 habebatur3
573 642 727 700 nulli
765 645 932 702 enim
962 642 1374 703 adhibebatur
1401 642 1678 715 consilio,
1723 642 1830 702 sed

144 746 251 790 aut
288 751 430 790 aere
464 729 668 789 alieno
693 774 709 803 ‚
783 744 889 787 aut
935 729 1358 812 magnitudine
1414 731 1830 806 tributorum,

141 831 248 877 aut
313 814 538 898 injuria
604 819 1027 899 potentiorum
1094 819 1526 901 premebatur:
1594 816 1828 878 tardius

142 919 350 964 tamen
384 916 445 964 et
479 903 654 989 plebs
694 906 757 962 in
790 927 1117 964 numerum
1175 905 1465 966 ordinum
1502 907 1690 966 relata
1722 920 1828 966 est.

144 993 349 1052 Gallia
387 994 452 1051 in
492 992 700 1076 plures
737 992 1119 1076 respublicas
1176 1007 1306 1054 erat
1348 994 1542 1052 divisa
1568 1040 1583 1069 ,
1631 1016 1831 1076 quan-

143 1080 224 1141 do
273 1082 483 1139 Julius
533 1083 776 1139 Caesar
839 1080 1301 1165 expeditionem
1355 1084 1417 1139 in
1476 1082 1696 1141 Gallias
1736 1104 1836 1142 suu

143 1171 374 1253 scepit,
421 1167 588 1230 unde
620 1170 904 1250 sequitur
940 1192 1131 1252 penes
1172 1169 1510 1229 nobili01es
1534 1168 1839 1251 quosdam

144 1258 328 1318 fuisse
374 1258 703 1338 regionum
753 1256 1099 1317 dominium
1162 1270 1223 1318 et
1289 1260 1604 1340 regimen,
1664 1255 1834 1340 quod

145 1344 409 1430 amplius
473 1343 615 1405 dein
668 1346 954 1405 inclaruit
1004 1347 1118 1407 sub
1166 1346 1461 1419 Francis,
1527 1345 1637 1429 qui
1695 1367 1837 1404 cum

145 1434 446 1516 religione
469 1430 809 1493 Christiana
847 1436 1032 1494 etiam
1078 1436 1280 1494 varias
1318 1435 1682 1495 cerimonias
1706 1455 1837 1494 cre—-

147 1521 453 1582 andorum
500 1520 791 1580 ordinum
844 1524 1071 1583 sensim
1128 1521 1551 1582 introduxere.
1648 1524 1842 1582 Erant

150 1613 319 1670 enim
353 1611 509 1668 varii
566 1609 730 1669 tituli
777 1610 1143 1685 Nobilium,
1212 1613 1303 1670 uti
1351 1610 1530 1683 Dux,
1578 1610 1836 1684 Comem,

148 1699 310 1758 Baro
332 1741 348 1771 ,
397 1695 715 1756 Tribunus
754 1698 1043 1758 Militaris
1082 1720 1268 1781 quem
1290 1700 1836 1756 chderlzeervo-

148 1797 329 1863 cant3
373 1786 576 1868 Eques
622 1798 871 1846 auratus
916 1808 1023 1847 seu
1079 1788 1405 1844 Clzevalier
1427 1810 1453 1858 5
1501 1786 1650 1845 item
1706 1784 1835 1844 No-

153 1874 296 1934 bilis
334 1887 600 1934 scutatus
648 1895 755 1934 seu
788 1896 872 1932 zm
906 1876 1212 1950 Escuyffl',
1262 1875 1370 1955 qui
1406 1873 1667 1955 insignia
1700 1873 1841 1955 qui-

146 1962 291 2023 dem
338 1961 678 2021 nobilitatis
740 1976 974 2045 gestat,
1042 1960 1147 2023 sed
1195 1961 1428 2021 ordinis
1474 1960 1842 2043 dignitatem

151 2050 468 2135 publicam
515 2049 778 2109 necdum
826 2064 915 2110 est
958 2062 1276 2111 assecutus.
1357 2052 1661 2108 Comitum
1706 2062 1834 2107 tres

152 2153 294 2198 sunt
341 2137 606 2220 gradus,
655 2141 717 2196 in
774 2141 981 2222 primo
1034 2143 1314 2197 Vicomce
1376 2152 1553 2212 sunt,
1624 2136 1687 2196 id
1752 2147 1843 2197 est

150 2229 447 2303 Princeps
505 2230 712 2286 Comes
758 2229 866 2309 qui
934 2226 1096 2309 apud
1144 2227 1380 2286 Ducem
1427 2248 1599 2285 suam
1638 2224 1841 2306 digni-

154 2326 278 2372 tate
315 2328 375 2374 et
415 2315 760 2396 plivilegiis
795 2318 1048 2375 caeteris
1090 2327 1376 2397 plaestat‚
1424 2336 1612 2396 quam
1658 2312 1842 2373 hodie

152 2402 438 2460 nonnulli
484 2406 669 2482 Bure,
668 2424 965 2481 gravtam
989 2402 1217 2462 dicunt.
1309 2402 1382 2460 In
1413 2401 1680 2462 secundo
1706 2422 1844 2483 gra—

153 2488 238 2548 du
275 2503 366 2550 est
397 2493 814 2549 Provincialcs
859 2512 1062 2551 comes
1102 2493 1500 2568 Landcrrave.
1548 2491 1619 2549 In
1654 2488 1839 2547 tertio

153 2576 437 2638 Marchio
493 2582 920 2657 Markgrave‚
967 2592 1155 2661 atque
1191 2577 1361 2661 juxta
1410 2575 1518 2637 hos
1552 2578 1848 2637 nobilita*

156 2667 232 2724 tis
300 2665 529 2749 gradus
564 2712 580 2742 ‚
645 2666 947 2750 cujusque
1005 2667 1368 2728 Dominium
1450 2665 1847 2747 dignoscitur.

158 2755 360 2816 Porro
399 2754 478 2813 ab
517 2757 639 2814 ima
687 2755 1015 2815 nobilitate
1062 2769 1317 2839 possunt
1379 2753 1455 2813 ad
1500 2753 1652 2814 alios
1698 2776 1844 2837 gra—

155 2840 269 2903 dus
314 2845 651 2927 pervenire
674 2868 702 2916 5
748 2857 808 2902 et
838 2842 1090 2927 quidem
1111 2844 1390 2927 sequenti
1431 2841 1616 2903 modo
1649 2864 1717 2901 ac
1745 2864 1848 2900 or-

157 2928 338 2990 dine:
384 2933 596 3009 quces
641 2934 934 2992 Aurcztzcs
955 2933 1086 2993 sive
1127 2934 1485 3006 chevalier,
1534 2953 1609 2991 ex
1647 2943 1845 2989 scuta*

153 3030 219 3079 to
252 3018 446 3081 nobili
473 3034 718 3081 creatur
741 3065 758 3096 ,
805 3024 855 3080 si
892 3042 1060 3081 arma
1092 3033 1332 3084 secutus
1363 3019 1644 3104 pluribus
1669 3039 1850 3100 proe-

1653 3106 1754 3165 liis

213 3210 231 3238 ’ὃ
