1940 3672
253 125 377 185 504
851 126 1295 186 Histofiicz

157 320 401 366 mature
432 305 782 366 Borussiam
828 307 1315 367 institutionibus
1337 320 1439 366 aut
1469 307 1586 365 scri
1595 307 1716 390 ptis
1734 306 1858 367 suis

161 395 497 455 utilissimis
531 394 942 453 illustrarunt:
991 397 1076 452 sic
1101 396 1384 455 Boruisse
1416 392 1858 477 chorographi-

158 507 258 543 am
295 486 540 564 egregie
567 481 762 542 edidit
808 484 1054 556 C’ccspccr
1083 486 1685 560 Hennenbezgerim.
1727 485 1855 543 Re-

165 574 463 655 giomonti
519 571 701 629 1595.
751 572 1017 626 lacobus
1043 574 1347 647 Lydicizcs
1375 572 1643 630 Ducatus
1676 573 1863 630 Prus-

168 664 292 720 siae
314 658 789 719 delineationem
809 659 1161 737 generalem
1203 660 1634 741 Wittebergae
1672 660 1857 718 1677.

157 751 468 806 Erasmus
510 749 708 803 Stella
775 746 1195 827 Antiquitates
1238 749 1584 807 Borussicas
1631 749 1739 809 IV.
1783 745 1859 804 li-

163 837 293 896 bris
325 836 570 916 scripsit
599 832 868 893 Basileae
916 834 1098 896 1518.
1125 836 1466 896 Historiam
1507 857 1718 896 rerum
1741 835 1861 893 Bo-

170 925 551 983 russicarum
610 920 807 981 nitide
849 921 1043 981 edidit
1089 927 1332 999 Caspar
1377 926 1707 983 Schiitziecs
1753 921 1862 980 ad-

164 1011 337 1097 jectis
370 1012 816 1091 Magistrorum
841 1009 1093 1070 Ordinis
1128 1012 1452 1072 Teutonici
1495 1011 1858 1095 insignibus.

170 1105 500 1159 Servestae
544 1100 729 1159 1592.
777 1097 878 1157 fol.
928 1101 1314 1159 continuavit
1353 1104 1578 1159 David
1624 1102 1862 1175 Clzytlz-

167 1211 357 1250 raeus
390 1208 587 1269 usque
622 1209 854 1247 annum
894 1188 1078 1248 1599.
1127 1191 1305 1247 Petri
1333 1190 1642 1266 Dusbarg
1666 1185 1864 1247 Chro-

165 1280 352 1336 nicon
408 1276 724 1334 Borussiae
757 1273 834 1332 ab
873 1299 1036 1336 anno
1083 1279 1266 1339 1226.
1314 1299 1509 1360 usque
1554 1277 1630 1336 ad
1673 1274 1860 1336 1455.

167 1388 309 1425 cum
343 1362 977 1423 animadversionibus
1041 1367 1479 1442 Christ0plz0ri
1525 1368 1864 1424 Har-cleno-

170 1457 315 1513 chii.
363 1448 758 1511 Francofurti
821 1453 1004 1512 1679.
1041 1455 1103 1511 in
1145 1458 1200 1514 4.
1243 1458 1563 1513 Com-aclas
1613 1455 1869 1511 Samuel

177 1540 801 1613 Selzartzesleischizts
825 1562 922 1599 res
945 1543 1310 1602 Prussorum
1333 1541 1526 1603 edidit
1564 1543 1621 1601 in
1647 1540 1871 1600 disser-

174 1628 531 1690 tationibus.
579 1627 916 1686 Historiam
966 1651 1118 1689 vero
1157 1632 1386 1711 Regiae
1424 1629 1864 1689 Coronationis

170 1719 533 1779 Borussicae
581 1713 776 1775 edidit
808 1718 1084 1775 Eccarcli
1143 1720 1327 1777 1701.
1379 1720 1442 1775 in
1486 1717 1541 1775 4.
1587 1720 1861 1774 Jocznnes

170 1832 213 1866 a
248 1811 476 1865 Besser
514 1803 807 1863 Coloniae
846 1803 921 1861 ad
943 1805 1218 1888 Spr'eam.
1274 1807 1455 1864 1702.
1498 1806 1867 1863 Coronatio-

172 1897 269 1955 nis
301 1894 657 1954 Borussicae
697 1905 846 1967 acta,
873 1895 970 1951 cni
1003 1915 1065 1953 se
1100 1895 1371 1977 primum
1406 1893 1702 1975 opposuit
1733 1895 1864 1951 Cle-

169 2007 336 2042 mens
378 1985 497 2039 XI.
547 1979 871 2053 Pontifex,
908 1981 1055 2039 dum
1099 2005 1210 2065 per
1245 1981 1483 2041 Bullam
1536 1983 1629 2042 16.
1667 1981 1866 2064 Apri-

170 2074 244 2133 lis
306 2072 486 2131 1701.
544 2068 957 2150 publicatam,
1019 2070 1277 2131 eandem
1331 2069 1644 2129 infirmare
1681 2091 1868 2129 cona-

174 2175 368 2222 retur.
418 2160 509 2219 De
543 2158 749 2216 Variis
783 2172 986 2217 autem
1019 2160 1339 2218 Borussiae
1387 2159 1728 2241 provinciis
1759 2158 1863 2216 iti-

173 2250 316 2310 dem
377 2248 535 2306 varii
567 2247 982 2328 scripserunt:
1032 2249 1122 2304 uti
1159 2249 1249 2307 De
1285 2244 1556 2307 Marchia
1590 2243 1866 2306 Brande-

171 2337 431 2420 burgica
476 2338 778 2413 Georgius
799 2335 1064 2392 Sabinas
1081 2334 1442 2395 Helmstadii
1471 2335 1653 2395 1597.
1679 2337 1867 2392 fisar-

172 2430 340 2485 tinus
398 2425 767 2480 Praetorias
830 2423 1235 2504 Argentorati
1295 2423 1478 2484 1594.
1536 2425 1864 2480 Martinus

172 2519 450 2576 Zeilerzcs
486 2510 876 2571 Francofurti
929 2511 1116 2571 1652.
1153 2515 1448 2570 Nicolaas
1487 2511 1867 2588 Leutlzinge-

180 2628 307 2664 rch.
375 2604 780 2659 Bet-mannas,
846 2602 1241 2659 Helmericzcs
1308 2614 1370 2659 et
1428 2602 1684 2658 Samuel
1741 2601 1868 2656 Pa-

162 2693 533 2771 fenclotficm.
584 2687 1218 2771 Magdeburgensium
1273 2689 1611 2747 Historiam
1658 2685 1865 2747 edide-

178 2793 365 2842 runt:
412 2781 680 2836 loannes
723 2781 1050 2836 Pomaritcs
1090 2776 1498 2860 Magdeburgi
1547 2777 1731 2838 1687.
1759 2777 1867 2832 Se-

175 2871 499 2929 bastianus
530 2870 755 2925 Bessel
780 2869 1072 2924 Melenos.
1112 2864 1278 2951 apud
1330 2867 1702 2924 Soharclc'ccm
1740 2863 1865 2922 To-

180 2981 282 3021 mo
314 2958 389 3018 II.
416 2954 693 3017 Halensis
718 2954 910 3016 Urbis
928 2955 1405 3042 descriptionem
1440 2953 1617 3015 dedit
1638 2952 1868 3011 Gotho-
1939 3014 1940 3022 χ

1562 3044 1784 3120 fredus
1927 3053 1931 3061 '
