<?xml version="1.0" encoding="UTF-8"?>
<!DOCTYPE html PUBLIC "-//W3C//DTD XHTML 1.0 Transitional//EN"
    "http://www.w3.org/TR/xhtml1/DTD/xhtml1-transitional.dtd">
<html xmlns="http://www.w3.org/1999/xhtml" xml:lang="en" lang="en">
 <head>
  <title>
</title>
<meta http-equiv="Content-Type" content="text/html;charset=utf-8" />
  <meta name='ocr-system' content='tesseract 3.04.00' />
  <meta name='ocr-capabilities' content='ocr_page ocr_carea ocr_par ocr_line ocrx_word'/>
</head>
<body>
  <div class='ocr_page' id='page_1' title='image "./historiauniversa03nagy_0255.png"; bbox 0 0 1940 3672; ppageno 0'>
   <div class='ocr_carea' id='block_1_1' title="bbox 712 142 1720 204">
    <p class='ocr_par' dir='ltr' id='par_1_1' title="bbox 712 142 1720 204">
     <span class='ocr_line' id='line_1_1' title="bbox 712 142 1720 204; baseline -0.002 0"><span class='ocrx_word' id='word_1_1' title='bbox 712 149 1188 204; x_wconf 78' lang='lat' dir='ltr'><strong>Svecorum.</strong></span> <span class='ocrx_word' id='word_1_2' title='bbox 1600 142 1720 202; x_wconf 82' lang='lat'><strong>251</strong></span> 
     </span>
    </p>
   </div>
   <div class='ocr_carea' id='block_1_2' title="bbox 126 303 1830 2571">
    <p class='ocr_par' dir='ltr' id='par_1_2' title="bbox 126 303 1830 2505">
     <span class='ocr_line' id='line_1_2' title="bbox 286 303 1811 390; baseline -0.003 -18"><span class='ocrx_word' id='word_1_3' title='bbox 286 313 581 372; x_wconf 76' lang='lat' dir='ltr'><strong>Albertas</strong></span> <span class='ocrx_word' id='word_1_4' title='bbox 601 308 1169 384; x_wconf 76' lang='lat' dir='ltr'><em>Megalopolitanus</em></span> <span class='ocrx_word' id='word_1_5' title='bbox 1190 303 1333 365; x_wconf 88' lang='lat' dir='ltr'><strong>alias</strong></span> <span class='ocrx_word' id='word_1_6' title='bbox 1350 303 1811 390; x_wconf 81' lang='lat' dir='ltr'><strong>Meclenburgi-</strong></span> 
     </span>
     <span class='ocr_line' id='line_1_3' title="bbox 126 392 1815 476; baseline -0.001 -18"><span class='ocrx_word' id='word_1_7' title='bbox 126 422 232 459; x_wconf 84' lang='lat' dir='ltr'><strong>cus</strong></span> <span class='ocrx_word' id='word_1_8' title='bbox 266 400 426 471; x_wconf 78' lang='lat' dir='ltr'><strong>dux,</strong></span> <span class='ocrx_word' id='word_1_9' title='bbox 471 417 616 457; x_wconf 80' lang='lat' dir='ltr'><strong>mox</strong></span> <span class='ocrx_word' id='word_1_10' title='bbox 653 414 794 452; x_wconf 90' lang='lat' dir='ltr'><strong>cum</strong></span> <span class='ocrx_word' id='word_1_11' title='bbox 826 396 1067 471; x_wconf 67' lang='lat' dir='ltr'><strong>llffagno</strong></span> <span class='ocrx_word' id='word_1_12' title='bbox 1112 392 1391 475; x_wconf 85' lang='lat' dir='ltr'><strong>deposito</strong></span> <span class='ocrx_word' id='word_1_13' title='bbox 1455 415 1603 476; x_wconf 89' lang='lat' dir='ltr'><strong>rege</strong></span> <span class='ocrx_word' id='word_1_14' title='bbox 1650 394 1815 457; x_wconf 85' lang='lat' dir='ltr'><strong>bello</strong></span> 
     </span>
     <span class='ocr_line' id='line_1_4' title="bbox 129 482 1816 568; baseline -0.001 -23"><span class='ocrx_word' id='word_1_15' title='bbox 129 508 504 568; x_wconf 68' lang='lat' dir='ltr'><strong>congressus⁹</strong></span> <span class='ocrx_word' id='word_1_16' title='bbox 521 504 660 540; x_wconf 89' lang='lat' dir='ltr'><strong>eum</strong></span> <span class='ocrx_word' id='word_1_17' title='bbox 684 483 900 539; x_wconf 86' lang='lat' dir='ltr'><strong>vivum</strong></span> <span class='ocrx_word' id='word_1_18' title='bbox 918 484 1082 565; x_wconf 87' lang='lat' dir='ltr'><strong>cepit</strong></span> <span class='ocrx_word' id='word_1_19' title='bbox 1107 482 1287 541; x_wconf 81' lang='lat'><strong>1565.</strong></span> <span class='ocrx_word' id='word_1_20' title='bbox 1307 496 1367 540; x_wconf 88' lang='lat' dir='ltr'><strong>et</strong></span> <span class='ocrx_word' id='word_1_21' title='bbox 1388 495 1620 563; x_wconf 83' lang='lat' dir='ltr'>septem</span> <span class='ocrx_word' id='word_1_22' title='bbox 1646 489 1816 544; x_wconf 86' lang='lat' dir='ltr'><strong>annis</strong></span> 
     </span>
     <span class='ocr_line' id='line_1_5' title="bbox 133 568 1809 651; baseline -0.004 -17"><span class='ocrx_word' id='word_1_23' title='bbox 133 578 195 634; x_wconf 83' lang='lat' dir='ltr'><strong>in</strong></span> <span class='ocrx_word' id='word_1_24' title='bbox 238 571 492 633; x_wconf 87' lang='lat' dir='ltr'><strong>vinculis</strong></span> <span class='ocrx_word' id='word_1_25' title='bbox 533 569 782 643; x_wconf 77' lang='lat' dir='ltr'><strong>habuit,</strong></span> <span class='ocrx_word' id='word_1_26' title='bbox 831 591 907 629; x_wconf 79' lang='lat' dir='ltr'><strong>ex</strong></span> <span class='ocrx_word' id='word_1_27' title='bbox 945 569 1170 651; x_wconf 83' lang='lat' dir='ltr'><strong>quibus</strong></span> <span class='ocrx_word' id='word_1_28' title='bbox 1192 568 1486 630; x_wconf 88' lang='lat' dir='ltr'><strong>liberatus</strong></span> <span class='ocrx_word' id='word_1_29' title='bbox 1532 573 1809 648; x_wconf 75' lang='lat' dir='ltr'><strong>Magnus</strong></span> 
     </span>
     <span class='ocr_line' id='line_1_6' title="bbox 130 656 1810 739; baseline -0.002 -19"><span class='ocrx_word' id='word_1_30' title='bbox 130 664 339 720; x_wconf 78' lang='lat' dir='ltr'><strong>Smeck</strong></span> <span class='ocrx_word' id='word_1_31' title='bbox 374 663 436 716; x_wconf 89' lang='lat' dir='ltr'><strong>in</strong></span> <span class='ocrx_word' id='word_1_32' title='bbox 485 659 860 739; x_wconf 87' lang='lat' dir='ltr'><strong>Norvegiam</strong></span> <span class='ocrx_word' id='word_1_33' title='bbox 896 656 1205 739; x_wconf 85' lang='lat' dir='ltr'><strong>profectus</strong></span> <span class='ocrx_word' id='word_1_34' title='bbox 1239 670 1300 717; x_wconf 90' lang='lat' dir='ltr'><strong>et</strong></span> <span class='ocrx_word' id='word_1_35' title='bbox 1329 658 1504 739; x_wconf 84' lang='lat' dir='ltr'><strong>aquis</strong></span> <span class='ocrx_word' id='word_1_36' title='bbox 1528 659 1810 717; x_wconf 82' lang='lat' dir='ltr'><strong>submer-</strong></span> 
     </span>
     <span class='ocr_line' id='line_1_7' title="bbox 134 742 1816 832; baseline -0.002 -23"><span class='ocrx_word' id='word_1_37' title='bbox 134 751 332 832; x_wconf 89' lang='lat' dir='ltr'><strong>periit.</strong></span> <span class='ocrx_word' id='word_1_38' title='bbox 380 742 676 806; x_wconf 85' lang='lat' dir='ltr'><strong>Posthaec</strong></span> <span class='ocrx_word' id='word_1_39' title='bbox 730 747 1020 803; x_wconf 76' lang='lat' dir='ltr'><strong>Albertus</strong></span> <span class='ocrx_word' id='word_1_40' title='bbox 1099 767 1352 828; x_wconf 83' lang='lat' dir='ltr'><strong>quoque</strong></span> <span class='ocrx_word' id='word_1_41' title='bbox 1414 744 1545 806; x_wconf 90' lang='lat' dir='ltr'><strong>fere</strong></span> <span class='ocrx_word' id='word_1_42' title='bbox 1618 747 1816 807; x_wconf 88' lang='lat' dir='ltr'><strong>simile</strong></span> 
     </span>
     <span class='ocr_line' id='line_1_8' title="bbox 129 833 1811 917; baseline -0.001 -22"><span class='ocrx_word' id='word_1_43' title='bbox 129 838 317 896; x_wconf 71' lang='lat' dir='ltr'><strong>fatum</strong></span> <span class='ocrx_word' id='word_1_44' title='bbox 356 835 626 915; x_wconf 78' lang='lat' dir='ltr'><strong>experiri</strong></span> <span class='ocrx_word' id='word_1_45' title='bbox 663 833 1040 914; x_wconf 83' lang='lat' dir='ltr'><strong>cogebatur3</strong></span> <span class='ocrx_word' id='word_1_46' title='bbox 1089 856 1274 916; x_wconf 84' lang='lat' dir='ltr'><strong>quem</strong></span> <span class='ocrx_word' id='word_1_47' title='bbox 1299 856 1524 917; x_wconf 86' lang='lat' dir='ltr'>nempe</span> <span class='ocrx_word' id='word_1_48' title='bbox 1566 835 1811 895; x_wconf 89' lang='lat' dir='ltr'><strong>Norve-</strong></span> 
     </span>
     <span class='ocr_line' id='line_1_9' title="bbox 129 922 1812 1006; baseline 0.002 -26"><span class='ocrx_word' id='word_1_49' title='bbox 129 927 289 1006; x_wconf 81' lang='lat' dir='ltr'><strong>giam</strong></span> <span class='ocrx_word' id='word_1_50' title='bbox 325 934 385 980; x_wconf 86' lang='lat' dir='ltr'><strong>et</strong></span> <span class='ocrx_word' id='word_1_51' title='bbox 421 922 683 979; x_wconf 83' lang='lat' dir='ltr'><strong>Daniam</strong></span> <span class='ocrx_word' id='word_1_52' title='bbox 708 934 1120 1004; x_wconf 78' lang='lat' dir='ltr'><strong>appetentem,</strong></span> <span class='ocrx_word' id='word_1_53' title='bbox 1162 925 1548 1000; x_wconf 62' lang='lat' dir='ltr'><strong>Mat-gamm</strong></span> <span class='ocrx_word' id='word_1_54' title='bbox 1580 924 1812 983; x_wconf 83' lang='lat' dir='ltr'><strong>Daniae</strong></span> 
     </span>
     <span class='ocr_line' id='line_1_10' title="bbox 127 1008 1814 1095; baseline -0.001 -25"><span class='ocrx_word' id='word_1_55' title='bbox 127 1013 341 1092; x_wconf 88' lang='lat' dir='ltr'><strong>regina</strong></span> <span class='ocrx_word' id='word_1_56' title='bbox 375 1012 435 1066; x_wconf 86' lang='lat' dir='ltr'><strong>in</strong></span> <span class='ocrx_word' id='word_1_57' title='bbox 458 1008 698 1092; x_wconf 86' lang='lat' dir='ltr'><strong>proelio</strong></span> <span class='ocrx_word' id='word_1_58' title='bbox 737 1013 887 1068; x_wconf 87' lang='lat' dir='ltr'><strong>vicit</strong></span> <span class='ocrx_word' id='word_1_59' title='bbox 922 1023 981 1068; x_wconf 90' lang='lat' dir='ltr'><strong>et</strong></span> <span class='ocrx_word' id='word_1_60' title='bbox 998 1021 1242 1092; x_wconf 87' lang='lat' dir='ltr'><strong>captum</strong></span> <span class='ocrx_word' id='word_1_61' title='bbox 1268 1012 1541 1091; x_wconf 84' lang='lat' dir='ltr'><strong>integros</strong></span> <span class='ocrx_word' id='word_1_62' title='bbox 1577 1027 1814 1095; x_wconf 84' lang='lat' dir='ltr'><strong>septem</strong></span> 
     </span>
     <span class='ocr_line' id='line_1_11' title="bbox 127 1096 1818 1182; baseline 0 -25"><span class='ocrx_word' id='word_1_63' title='bbox 127 1119 320 1158; x_wconf 85' lang='lat' dir='ltr'><strong>annos</strong></span> <span class='ocrx_word' id='word_1_64' title='bbox 369 1099 428 1155; x_wconf 88' lang='lat' dir='ltr'><strong>in</strong></span> <span class='ocrx_word' id='word_1_65' title='bbox 468 1096 743 1157; x_wconf 81' lang='lat' dir='ltr'><strong>custodia</strong></span> <span class='ocrx_word' id='word_1_66' title='bbox 780 1097 1077 1170; x_wconf 80' lang='lat' dir='ltr'><strong>detinuit3</strong></span> <span class='ocrx_word' id='word_1_67' title='bbox 1117 1096 1281 1157; x_wconf 87' lang='lat' dir='ltr'><strong>unde</strong></span> <span class='ocrx_word' id='word_1_68' title='bbox 1320 1097 1599 1159; x_wconf 84' lang='lat' dir='ltr'><strong>dimissus</strong></span> <span class='ocrx_word' id='word_1_69' title='bbox 1620 1122 1818 1182; x_wconf 87' lang='lat' dir='ltr'><strong>quum</strong></span> 
     </span>
     <span class='ocr_line' id='line_1_12' title="bbox 130 1183 1817 1270; baseline -0.001 -24"><span class='ocrx_word' id='word_1_70' title='bbox 130 1183 558 1270; x_wconf 80' lang='lat' dir='ltr'><strong>spopondisset</strong></span> <span class='ocrx_word' id='word_1_71' title='bbox 593 1207 654 1244; x_wconf 89' lang='lat' dir='ltr'><strong>se</strong></span> <span class='ocrx_word' id='word_1_72' title='bbox 694 1198 798 1244; x_wconf 84' lang='lat' dir='ltr'><strong>aut</strong></span> <span class='ocrx_word' id='word_1_73' title='bbox 832 1190 928 1245; x_wconf 85' lang='lat'><strong>70.</strong></span> <span class='ocrx_word' id='word_1_74' title='bbox 952 1183 1146 1244; x_wconf 85' lang='lat' dir='ltr'><strong>millia</strong></span> <span class='ocrx_word' id='word_1_75' title='bbox 1185 1207 1532 1244; x_wconf 84' lang='lat' dir='ltr'><strong>marcarum</strong></span> <span class='ocrx_word' id='word_1_76' title='bbox 1574 1188 1817 1248; x_wconf 86' lang='lat' dir='ltr'><strong>solutu-</strong></span> 
     </span>
     <span class='ocr_line' id='line_1_13' title="bbox 131 1271 1822 1355; baseline -0.001 -22"><span class='ocrx_word' id='word_1_77' title='bbox 131 1298 301 1349; x_wconf 81' lang='lat' dir='ltr'><strong>rum,</strong></span> <span class='ocrx_word' id='word_1_78' title='bbox 345 1288 451 1331; x_wconf 89' lang='lat' dir='ltr'><strong>aut</strong></span> <span class='ocrx_word' id='word_1_79' title='bbox 494 1276 542 1332; x_wconf 86' lang='lat' dir='ltr'><strong>si</strong></span> <span class='ocrx_word' id='word_1_80' title='bbox 584 1271 879 1334; x_wconf 74' lang='lat' dir='ltr'><strong>solvendo</strong></span> <span class='ocrx_word' id='word_1_81' title='bbox 916 1295 1042 1333; x_wconf 90' lang='lat' dir='ltr'><strong>non</strong></span> <span class='ocrx_word' id='word_1_82' title='bbox 1072 1271 1298 1348; x_wconf 84' lang='lat' dir='ltr'><strong>fuerit,</strong></span> <span class='ocrx_word' id='word_1_83' title='bbox 1325 1296 1586 1355; x_wconf 87' lang='lat' dir='ltr'><strong>regnum</strong></span> <span class='ocrx_word' id='word_1_84' title='bbox 1624 1296 1822 1334; x_wconf 84' lang='lat' dir='ltr'><strong>cessu-</strong></span> 
     </span>
     <span class='ocr_line' id='line_1_14' title="bbox 131 1361 1822 1444; baseline 0 -22"><span class='ocrx_word' id='word_1_85' title='bbox 131 1386 306 1437; x_wconf 82' lang='lat' dir='ltr'><strong>rum3</strong></span> <span class='ocrx_word' id='word_1_86' title='bbox 377 1363 483 1444; x_wconf 86' lang='lat' dir='ltr'><strong>qui</strong></span> <span class='ocrx_word' id='word_1_87' title='bbox 541 1361 693 1420; x_wconf 91' lang='lat' dir='ltr'><strong>dum</strong></span> <span class='ocrx_word' id='word_1_88' title='bbox 745 1363 1083 1443; x_wconf 83' lang='lat' dir='ltr'><strong>promissae</strong></span> <span class='ocrx_word' id='word_1_89' title='bbox 1138 1365 1435 1443; x_wconf 85' lang='lat' dir='ltr'><strong>pecuniae</strong></span> <span class='ocrx_word' id='word_1_90' title='bbox 1495 1362 1822 1423; x_wconf 86' lang='lat' dir='ltr'><strong>solvendae</strong></span> 
     </span>
     <span class='ocr_line' id='line_1_15' title="bbox 134 1451 1824 1534; baseline -0.002 -24"><span class='ocrx_word' id='word_1_91' title='bbox 134 1454 333 1534; x_wconf 82' lang='lat' dir='ltr'>impar</span> <span class='ocrx_word' id='word_1_92' title='bbox 365 1464 554 1525; x_wconf 75' lang='lat' dir='ltr'><strong>esset,</strong></span> <span class='ocrx_word' id='word_1_93' title='bbox 594 1470 786 1531; x_wconf 86' lang='lat' dir='ltr'><strong>regno</strong></span> <span class='ocrx_word' id='word_1_94' title='bbox 807 1451 1059 1513; x_wconf 85' lang='lat' dir='ltr'><strong>Sveciae</strong></span> <span class='ocrx_word' id='word_1_95' title='bbox 1088 1452 1456 1511; x_wconf 86' lang='lat' dir='ltr'><strong>renunciare</strong></span> <span class='ocrx_word' id='word_1_96' title='bbox 1492 1451 1824 1534; x_wconf 83' lang='lat' dir='ltr'><strong>compelle-</strong></span> 
     </span>
     <span class='ocr_line' id='line_1_16' title="bbox 129 1536 1817 1620; baseline -0.001 -23"><span class='ocrx_word' id='word_1_97' title='bbox 129 1538 359 1615; x_wconf 82' lang='lat' dir='ltr'><strong>batur3</strong></span> <span class='ocrx_word' id='word_1_98' title='bbox 424 1561 550 1620; x_wconf 88' lang='lat' dir='ltr'><strong>qua</strong></span> <span class='ocrx_word' id='word_1_99' title='bbox 572 1539 984 1620; x_wconf 82' lang='lat' dir='ltr'><strong>resignatione</strong></span> <span class='ocrx_word' id='word_1_100' title='bbox 1016 1536 1174 1596; x_wconf 82' lang='lat' dir='ltr'><strong>facta</strong></span> <span class='ocrx_word' id='word_1_101' title='bbox 1198 1582 1213 1611; x_wconf 85' lang='grc'>,</span> <span class='ocrx_word' id='word_1_102' title='bbox 1248 1560 1394 1598; x_wconf 73' lang='lat' dir='ltr'><strong>mox</strong></span> <span class='ocrx_word' id='word_1_103' title='bbox 1430 1542 1817 1617; x_wconf 61' lang='lat' dir='ltr'><strong>stlat-garena</strong></span> 
     </span>
     <span class='ocr_line' id='line_1_17' title="bbox 135 1624 1818 1712; baseline 0 -25"><span class='ocrx_word' id='word_1_104' title='bbox 135 1628 318 1688; x_wconf 79' lang='lat'><strong>1597.</strong></span> <span class='ocrx_word' id='word_1_105' title='bbox 352 1647 652 1687; x_wconf 85' lang='lat' dir='ltr'><strong>consensu</strong></span> <span class='ocrx_word' id='word_1_106' title='bbox 677 1624 968 1685; x_wconf 81' lang='lat' dir='ltr'><strong>ordinum</strong></span> <span class='ocrx_word' id='word_1_107' title='bbox 992 1628 1180 1685; x_wconf 87' lang='lat' dir='ltr'><strong>trium</strong></span> <span class='ocrx_word' id='word_1_108' title='bbox 1198 1649 1535 1709; x_wconf 81' lang='lat' dir='ltr'><strong>regnorum</strong></span> <span class='ocrx_word' id='word_1_109' title='bbox 1555 1641 1818 1712; x_wconf 85' lang='lat' dir='ltr'><strong>septem—</strong></span> 
     </span>
     <span class='ocr_line' id='line_1_18' title="bbox 129 1713 1819 1791; baseline 0 -17"><span class='ocrx_word' id='word_1_110' title='bbox 129 1713 522 1789; x_wconf 82' lang='lat' dir='ltr'><strong>trionalium,</strong></span> <span class='ocrx_word' id='word_1_111' title='bbox 563 1717 795 1772; x_wconf 80' lang='lat' dir='ltr'><strong>Unione</strong></span> <span class='ocrx_word' id='word_1_112' title='bbox 843 1717 1251 1774; x_wconf 75' lang='lat' dir='ltr'><strong>Calmarietzsz&#39;</strong></span> <span class='ocrx_word' id='word_1_113' title='bbox 1304 1717 1599 1791; x_wconf 75' lang='lat' dir='ltr'><strong>Damam,</strong></span> <span class='ocrx_word' id='word_1_114' title='bbox 1655 1716 1819 1774; x_wconf 87' lang='lat' dir='ltr'><strong>Nor-</strong></span> 
     </span>
     <span class='ocr_line' id='line_1_19' title="bbox 132 1802 1821 1886; baseline 0.001 -25"><span class='ocrx_word' id='word_1_115' title='bbox 132 1806 375 1884; x_wconf 85' lang='lat' dir='ltr'><strong>vegiam</strong></span> <span class='ocrx_word' id='word_1_116' title='bbox 435 1817 497 1862; x_wconf 83' lang='lat' dir='ltr'><strong>et</strong></span> <span class='ocrx_word' id='word_1_117' title='bbox 574 1802 856 1862; x_wconf 84' lang='lat' dir='ltr'><strong>Sveciam</strong></span> <span class='ocrx_word' id='word_1_118' title='bbox 911 1805 975 1860; x_wconf 91' lang='lat' dir='ltr'><strong>in</strong></span> <span class='ocrx_word' id='word_1_119' title='bbox 1021 1825 1214 1863; x_wconf 87' lang='lat' dir='ltr'><strong>unum</strong></span> <span class='ocrx_word' id='word_1_120' title='bbox 1268 1825 1491 1886; x_wconf 88' lang='lat' dir='ltr'><strong>corpus</strong></span> <span class='ocrx_word' id='word_1_121' title='bbox 1552 1803 1821 1886; x_wconf 80' lang='lat' dir='ltr'><strong>redegit:</strong></span> 
     </span>
     <span class='ocr_line' id='line_1_20' title="bbox 134 1889 1820 1976; baseline 0.001 -25"><span class='ocrx_word' id='word_1_122' title='bbox 134 1890 461 1973; x_wconf 78' lang='lat' dir='ltr'><strong>effecitque</strong></span> <span class='ocrx_word' id='word_1_123' title='bbox 498 1902 566 1949; x_wconf 86' lang='lat' dir='ltr'><strong>ut</strong></span> <span class='ocrx_word' id='word_1_124' title='bbox 599 1892 720 1949; x_wconf 86' lang='lat' dir='ltr'><strong>tria</strong></span> <span class='ocrx_word' id='word_1_125' title='bbox 763 1889 910 1950; x_wconf 89' lang='lat' dir='ltr'><strong>haec</strong></span> <span class='ocrx_word' id='word_1_126' title='bbox 954 1913 1145 1974; x_wconf 86' lang='lat' dir='ltr'><strong>regna</strong></span> <span class='ocrx_word' id='word_1_127' title='bbox 1178 1890 1464 1976; x_wconf 83' lang='lat' dir='ltr'><strong>deinceps</strong></span> <span class='ocrx_word' id='word_1_128' title='bbox 1499 1915 1696 1952; x_wconf 88' lang='lat' dir='ltr'><strong>unum</strong></span> <span class='ocrx_word' id='word_1_129' title='bbox 1722 1916 1820 1952; x_wconf 44' lang='lat' dir='ltr'><strong>rer</strong></span> 
     </span>
     <span class='ocr_line' id='line_1_21' title="bbox 137 1981 1825 2062; baseline 0.001 -23"><span class='ocrx_word' id='word_1_130' title='bbox 137 2001 279 2060; x_wconf 83' lang='lat' dir='ltr'><strong>gem</strong></span> <span class='ocrx_word' id='word_1_131' title='bbox 308 1993 739 2059; x_wconf 81' lang='lat' dir='ltr'><strong>agnoscerent,</strong></span> <span class='ocrx_word' id='word_1_132' title='bbox 789 1983 855 2055; x_wconf 80' lang='lat' dir='ltr'><strong>cz)</strong></span> <span class='ocrx_word' id='word_1_133' title='bbox 879 1981 1163 2062; x_wconf 87' lang='lat' dir='ltr'><strong>proprias</strong></span> <span class='ocrx_word' id='word_1_134' title='bbox 1196 1994 1398 2040; x_wconf 85' lang='lat' dir='ltr'><strong>tamen</strong></span> <span class='ocrx_word' id='word_1_135' title='bbox 1433 1984 1825 2040; x_wconf 86' lang='lat' dir='ltr'><strong>constitutio-</strong></span> 
     </span>
     <span class='ocr_line' id='line_1_22' title="bbox 133 2068 1825 2149; baseline 0.004 -24"><span class='ocrx_word' id='word_1_136' title='bbox 133 2090 240 2126; x_wconf 88' lang='lat' dir='ltr'><strong>nes</strong></span> <span class='ocrx_word' id='word_1_137' title='bbox 267 2071 625 2127; x_wconf 73' lang='lat' dir='ltr'><strong>retinerent.</strong></span> <span class='ocrx_word' id='word_1_138' title='bbox 644 2068 879 2125; x_wconf 85' lang='lat' dir='ltr'><strong>Verum</strong></span> <span class='ocrx_word' id='word_1_139' title='bbox 905 2089 1018 2149; x_wconf 90' lang='lat' dir='ltr'><strong>per</strong></span> <span class='ocrx_word' id='word_1_140' title='bbox 1035 2070 1329 2128; x_wconf 90' lang='lat' dir='ltr'><strong>unionem</strong></span> <span class='ocrx_word' id='word_1_141' title='bbox 1348 2069 1825 2132; x_wconf 83' lang='lat' dir='ltr'><strong>Calmariensem</strong></span> 
     </span>
     <span class='ocr_line' id='line_1_23' title="bbox 140 2155 1820 2240; baseline 0.001 -26"><span class='ocrx_word' id='word_1_142' title='bbox 140 2156 398 2215; x_wconf 84' lang='lat' dir='ltr'><strong>felicitas</strong></span> <span class='ocrx_word' id='word_1_143' title='bbox 436 2177 778 2237; x_wconf 87' lang='lat' dir='ltr'><strong>regnorum</strong></span> <span class='ocrx_word' id='word_1_144' title='bbox 810 2155 1156 2215; x_wconf 84' lang='lat' dir='ltr'><strong>borealium</strong></span> <span class='ocrx_word' id='word_1_145' title='bbox 1191 2179 1316 2214; x_wconf 89' lang='lat' dir='ltr'><strong>non</strong></span> <span class='ocrx_word' id='word_1_146' title='bbox 1369 2155 1482 2215; x_wconf 85' lang='lat' dir='ltr'><strong>fuit</strong></span> <span class='ocrx_word' id='word_1_147' title='bbox 1518 2179 1820 2240; x_wconf 85' lang='lat' dir='ltr'><strong>procura-</strong></span> 
     </span>
     <span class='ocr_line' id='line_1_24' title="bbox 141 2243 1824 2329; baseline 0.002 -27"><span class='ocrx_word' id='word_1_148' title='bbox 141 2258 237 2318; x_wconf 78' lang='lat' dir='ltr'><strong>ta,</strong></span> <span class='ocrx_word' id='word_1_149' title='bbox 282 2246 579 2326; x_wconf 82' lang='lat' dir='ltr'><strong>quoniam</strong></span> <span class='ocrx_word' id='word_1_150' title='bbox 616 2265 789 2325; x_wconf 84' lang='lat' dir='ltr'><strong>reges</strong></span> <span class='ocrx_word' id='word_1_151' title='bbox 843 2243 1130 2329; x_wconf 84' lang='lat' dir='ltr'><strong>deinceps</strong></span> <span class='ocrx_word' id='word_1_152' title='bbox 1183 2243 1524 2326; x_wconf 86' lang='lat' dir='ltr'><strong>majoribus</strong></span> <span class='ocrx_word' id='word_1_153' title='bbox 1574 2246 1824 2306; x_wconf 83' lang='lat' dir='ltr'><strong>tributis</strong></span> 
     </span>
     <span class='ocr_line' id='line_1_25' title="bbox 140 2332 1829 2416; baseline 0.001 -25"><span class='ocrx_word' id='word_1_154' title='bbox 140 2334 364 2393; x_wconf 87' lang='lat' dir='ltr'><strong>Svecos</strong></span> <span class='ocrx_word' id='word_1_155' title='bbox 411 2343 834 2392; x_wconf 81' lang='lat' dir='ltr'><strong>oneravissent</strong></span> <span class='ocrx_word' id='word_1_156' title='bbox 858 2377 872 2402; x_wconf 83' lang='lat'>‚</span> <span class='ocrx_word' id='word_1_157' title='bbox 911 2353 1302 2416; x_wconf 80' lang='lat' dir='ltr'><strong>regnumque</strong></span> <span class='ocrx_word' id='word_1_158' title='bbox 1340 2336 1515 2416; x_wconf 82' lang='lat' dir='ltr'><strong>quasi</strong></span> <span class='ocrx_word' id='word_1_159' title='bbox 1574 2332 1829 2394; x_wconf 87' lang='lat' dir='ltr'><strong>fiducia-</strong></span> 
     </span>
     <span class='ocr_line' id='line_1_26' title="bbox 140 2419 1830 2505; baseline 0.001 -25"><span class='ocrx_word' id='word_1_160' title='bbox 140 2424 237 2480; x_wconf 89' lang='lat' dir='ltr'><strong>rio</strong></span> <span class='ocrx_word' id='word_1_161' title='bbox 277 2419 416 2504; x_wconf 87' lang='lat' dir='ltr'><strong>jure</strong></span> <span class='ocrx_word' id='word_1_162' title='bbox 448 2423 783 2497; x_wconf 76' lang='lat' dir='ltr'><strong>rexissent3</strong></span> <span class='ocrx_word' id='word_1_163' title='bbox 847 2419 986 2482; x_wconf 89' lang='lat' dir='ltr'><strong>ideo</strong></span> <span class='ocrx_word' id='word_1_164' title='bbox 1036 2423 1274 2505; x_wconf 87' lang='lat' dir='ltr'><strong>saepius</strong></span> <span class='ocrx_word' id='word_1_165' title='bbox 1312 2424 1617 2483; x_wconf 87' lang='lat' dir='ltr'><strong>concitata</strong></span> <span class='ocrx_word' id='word_1_166' title='bbox 1671 2421 1830 2484; x_wconf 89' lang='lat' dir='ltr'><strong>sedi-</strong></span> 
     </span>
    </p>

    <p class='ocr_par' dir='ltr' id='par_1_3' title="bbox 1576 2525 1744 2571">
     <span class='ocr_line' id='line_1_27' title="bbox 1576 2525 1744 2571; baseline 0 -1"><span class='ocrx_word' id='word_1_167' title='bbox 1576 2525 1744 2571; x_wconf 75' lang='lat' dir='ltr'><strong>tione</strong></span> 
     </span>
    </p>
   </div>
   <div class='ocr_carea' id='block_1_3' title="bbox 154 2620 471 2634">
    <p class='ocr_par' dir='ltr' id='par_1_4' title="bbox 154 2620 471 2634">
     <span class='ocr_line' id='line_1_28' title="bbox 154 2620 471 2634; baseline 0 1038"><span class='ocrx_word' id='word_1_168' title='bbox 154 2620 471 2634; x_wconf 95' lang='lat' dir='ltr'><strong> </strong></span> 
     </span>
    </p>
   </div>
   <div class='ocr_carea' id='block_1_4' title="bbox 213 2689 1840 3117">
    <p class='ocr_par' dir='ltr' id='par_1_5' title="bbox 299 2689 1830 2836">
     <span class='ocr_line' id='line_1_29' title="bbox 304 2689 1830 2751; baseline -0.003 -3"><span class='ocrx_word' id='word_1_169' title='bbox 304 2698 352 2750; x_wconf 85' lang='lat'><strong>5.</strong></span> <span class='ocrx_word' id='word_1_170' title='bbox 393 2717 440 2751; x_wconf 83' lang='lat' dir='ltr'><strong>c.</strong></span> <span class='ocrx_word' id='word_1_171' title='bbox 479 2694 570 2750; x_wconf 81' lang='lat'><strong>29.</strong></span> <span class='ocrx_word' id='word_1_172' title='bbox 610 2692 693 2745; x_wconf 82' lang='lat'><strong>30.</strong></span> <span class='ocrx_word' id='word_1_173' title='bbox 731 2689 815 2744; x_wconf 83' lang='lat'><strong>31.</strong></span> <span class='ocrx_word' id='word_1_174' title='bbox 855 2693 1008 2744; x_wconf 85' lang='lat' dir='ltr'><strong>Joan.</strong></span> <span class='ocrx_word' id='word_1_175' title='bbox 1047 2691 1194 2744; x_wconf 79' lang='lat' dir='ltr'><strong>Petri</strong></span> <span class='ocrx_word' id='word_1_176' title='bbox 1244 2692 1301 2743; x_wconf 86' lang='lat' dir='ltr'><strong>in</strong></span> <span class='ocrx_word' id='word_1_177' title='bbox 1347 2692 1553 2746; x_wconf 85' lang='lat' dir='ltr'><strong>Chron.</strong></span> <span class='ocrx_word' id='word_1_178' title='bbox 1602 2691 1830 2748; x_wconf 43' lang='lat' dir='ltr'><strong>Hollanq</strong></span> 
     </span>
     <span class='ocr_line' id='line_1_30' title="bbox 299 2761 705 2836; baseline -0.01 -20"><span class='ocrx_word' id='word_1_179' title='bbox 299 2766 436 2817; x_wconf 82' lang='lat' dir='ltr'><strong>diae.</strong></span> <span class='ocrx_word' id='word_1_180' title='bbox 475 2774 621 2836; x_wconf 84' lang='lat' dir='ltr'><strong>part.</strong></span> <span class='ocrx_word' id='word_1_181' title='bbox 660 2761 705 2813; x_wconf 78' lang='lat'><strong>2.</strong></span> 
     </span>
    </p>

    <p class='ocr_par' dir='ltr' id='par_1_6' title="bbox 213 2829 1840 3117">
     <span class='ocr_line' id='line_1_31' title="bbox 213 2829 1836 2899; baseline -0.001 -15"><span class='ocrx_word' id='word_1_182' title='bbox 213 2836 270 2897; x_wconf 85' lang='lat' dir='ltr'><strong>a)</strong></span> <span class='ocrx_word' id='word_1_183' title='bbox 308 2837 500 2888; x_wconf 79' lang='lat' dir='ltr'><strong>Ericus</strong></span> <span class='ocrx_word' id='word_1_184' title='bbox 529 2834 712 2886; x_wconf 81' lang='lat' dir='ltr'><strong>olaus.</strong></span> <span class='ocrx_word' id='word_1_185' title='bbox 732 2831 878 2885; x_wconf 82' lang='lat' dir='ltr'><strong>Hist.</strong></span> <span class='ocrx_word' id='word_1_186' title='bbox 908 2830 1208 2882; x_wconf 86' lang='lat' dir='ltr'><strong>Svecorum</strong></span> <span class='ocrx_word' id='word_1_187' title='bbox 1230 2869 1244 2894; x_wconf 82' lang='lat'><strong><em>‚</em></strong></span> <span class='ocrx_word' id='word_1_188' title='bbox 1284 2846 1444 2899; x_wconf 85' lang='lat' dir='ltr'><strong>quam</strong></span> <span class='ocrx_word' id='word_1_189' title='bbox 1469 2829 1659 2889; x_wconf 70' lang='lat' dir='ltr'><strong>edidit,</strong></span> <span class='ocrx_word' id='word_1_190' title='bbox 1679 2831 1836 2884; x_wconf 81' lang='lat' dir='ltr'><strong>Joan.</strong></span> 
     </span>
     <span class='ocr_line' id='line_1_32' title="bbox 303 2898 1840 2963; baseline -0.002 -7"><span class='ocrx_word' id='word_1_191' title='bbox 303 2906 601 2956; x_wconf 81' lang='lat' dir='ltr'><strong>Messenius</strong></span> <span class='ocrx_word' id='word_1_192' title='bbox 624 2942 639 2963; x_wconf 79' lang='lat'><strong>‚</strong></span> <span class='ocrx_word' id='word_1_193' title='bbox 678 2901 929 2953; x_wconf 82' lang='lat' dir='ltr'><strong>Holmiae</strong></span> <span class='ocrx_word' id='word_1_194' title='bbox 974 2898 1131 2956; x_wconf 82' lang='lat'><strong>1654.</strong></span> <span class='ocrx_word' id='word_1_195' title='bbox 1166 2900 1219 2951; x_wconf 87' lang='lat' dir='ltr'><strong>in</strong></span> <span class='ocrx_word' id='word_1_196' title='bbox 1257 2898 1304 2951; x_wconf 86' lang='lat'><strong>4.</strong></span> <span class='ocrx_word' id='word_1_197' title='bbox 1344 2899 1579 2952; x_wconf 72' lang='lat' dir='ltr'><strong>vJoannes</strong></span> <span class='ocrx_word' id='word_1_198' title='bbox 1634 2901 1840 2953; x_wconf 77' lang='lat' dir='ltr'><strong>Locce-</strong></span> 
     </span>
     <span class='ocr_line' id='line_1_33' title="bbox 305 2968 1745 3026; baseline -0.003 0"><span class='ocrx_word' id='word_1_199' title='bbox 305 2976 446 3026; x_wconf 88' lang='lat' dir='ltr'><strong>nius.</strong></span> <span class='ocrx_word' id='word_1_200' title='bbox 486 2973 727 3024; x_wconf 83' lang='lat' dir='ltr'><strong>Historia</strong></span> <span class='ocrx_word' id='word_1_201' title='bbox 766 2972 1019 3022; x_wconf 84' lang='lat' dir='ltr'><strong>Svecana.</strong></span> <span class='ocrx_word' id='word_1_202' title='bbox 1070 2968 1418 3023; x_wconf 83' lang='lat' dir='ltr'><strong>Francofurti</strong></span> <span class='ocrx_word' id='word_1_203' title='bbox 1474 2968 1627 3023; x_wconf 83' lang='lat'><strong>1676.</strong></span> <span class='ocrx_word' id='word_1_204' title='bbox 1687 2973 1745 3022; x_wconf 89' lang='lat' dir='ltr'><strong>in</strong></span> 
     </span>
     <span class='ocr_line' id='line_1_34' title="bbox 302 3037 1764 3117; baseline -0.001 -22"><span class='ocrx_word' id='word_1_205' title='bbox 302 3044 506 3117; x_wconf 83' lang='lat' dir='ltr'><strong>optime</strong></span> <span class='ocrx_word' id='word_1_206' title='bbox 524 3041 740 3096; x_wconf 76' lang='lat' dir='ltr'><strong>Samuel</strong></span> <span class='ocrx_word' id='word_1_207' title='bbox 757 3039 1156 3095; x_wconf 80' lang='lat' dir='ltr'><strong>Puffendorfius</strong></span> <span class='ocrx_word' id='word_1_208' title='bbox 1174 3037 1517 3095; x_wconf 76' lang='lat' dir='ltr'><strong>Franoofurti</strong></span> <span class='ocrx_word' id='word_1_209' title='bbox 1536 3039 1692 3103; x_wconf 66' lang='lat'>1689,</span> <span class='ocrx_word' id='word_1_210' title='bbox 1704 3041 1764 3100; x_wconf 70' lang='lat' dir='ltr'><strong>in</strong></span> 
     </span>
    </p>
   </div>
  </div>
 </body>
</html>
