<?xml version="1.0" encoding="UTF-8"?>
<!DOCTYPE html PUBLIC "-//W3C//DTD XHTML 1.0 Transitional//EN"
    "http://www.w3.org/TR/xhtml1/DTD/xhtml1-transitional.dtd">
<html xmlns="http://www.w3.org/1999/xhtml" xml:lang="en" lang="en">
 <head>
  <title>
</title>
<meta http-equiv="Content-Type" content="text/html;charset=utf-8" />
  <meta name='ocr-system' content='tesseract 3.04.00' />
  <meta name='ocr-capabilities' content='ocr_page ocr_carea ocr_par ocr_line ocrx_word'/>
</head>
<body>
  <div class='ocr_page' id='page_1' title='image "./historiauniversa03nagy_0133.png"; bbox 0 0 1940 3672; ppageno 0'>
   <div class='ocr_carea' id='block_1_1' title="bbox 390 162 1642 232">
    <p class='ocr_par' dir='ltr' id='par_1_1' title="bbox 390 162 1642 232">
     <span class='ocr_line' id='line_1_1' title="bbox 390 162 1642 232; baseline -0.011 -2"><span class='ocrx_word' id='word_1_1' title='bbox 390 176 710 232; x_wconf 71' lang='lat' dir='ltr'><strong>Gallorum</strong></span> <span class='ocrx_word' id='word_1_2' title='bbox 751 178 811 225; x_wconf 82' lang='lat' dir='ltr'><strong>et</strong></span> <span class='ocrx_word' id='word_1_3' title='bbox 855 168 1263 222; x_wconf 72' lang='lat' dir='ltr'><em>Francorum.</em></span> <span class='ocrx_word' id='word_1_4' title='bbox 1522 162 1642 221; x_wconf 77' lang='lat'><strong>109</strong></span> 
     </span>
    </p>
   </div>
   <div class='ocr_carea' id='block_1_2' title="bbox 72 343 1811 2871">
    <p class='ocr_par' dir='ltr' id='par_1_2' title="bbox 72 343 1758 597">
     <span class='ocr_line' id='line_1_2' title="bbox 72 343 1755 432; baseline -0.008 -16"><span class='ocrx_word' id='word_1_5' title='bbox 72 357 352 415; x_wconf 83' lang='lat' dir='ltr'><strong>losanum</strong></span> <span class='ocrx_word' id='word_1_6' title='bbox 392 356 712 412; x_wconf 81' lang='lat' dir='ltr'><strong>comitatus</strong></span> <span class='ocrx_word' id='word_1_7' title='bbox 757 371 947 432; x_wconf 80' lang='lat' dir='ltr'><strong>legno</strong></span> <span class='ocrx_word' id='word_1_8' title='bbox 985 367 1094 406; x_wconf 92' lang='lat' dir='ltr'><strong>suo</strong></span> <span class='ocrx_word' id='word_1_9' title='bbox 1118 343 1470 428; x_wconf 77' lang='lat' dir='ltr'><strong>adjecisset,</strong></span> <span class='ocrx_word' id='word_1_10' title='bbox 1519 365 1597 404; x_wconf 77' lang='lat' dir='ltr'><strong>ex</strong></span> <span class='ocrx_word' id='word_1_11' title='bbox 1622 343 1755 402; x_wconf 83' lang='lat' dir='ltr'><strong>bel—</strong></span> 
     </span>
     <span class='ocr_line' id='line_1_3' title="bbox 79 439 1758 518; baseline -0.008 -14"><span class='ocrx_word' id='word_1_12' title='bbox 79 444 140 504; x_wconf 93' lang='lat' dir='ltr'><strong>lo</strong></span> <span class='ocrx_word' id='word_1_13' title='bbox 180 462 462 502; x_wconf 80' lang='lat' dir='ltr'><strong>revelsus</strong></span> <span class='ocrx_word' id='word_1_14' title='bbox 505 439 797 500; x_wconf 82' lang='lat' dir='ltr'>decessit</span> <span class='ocrx_word' id='word_1_15' title='bbox 846 450 1176 518; x_wconf 83' lang='lat' dir='ltr'>postquam</span> <span class='ocrx_word' id='word_1_16' title='bbox 1213 446 1525 515; x_wconf 77' lang='lat' dir='ltr'><strong>legnasset</strong></span> <span class='ocrx_word' id='word_1_17' title='bbox 1567 452 1758 491; x_wconf 89' lang='lat' dir='ltr'><strong>annos</strong></span> 
     </span>
     <span class='ocr_line' id='line_1_4' title="bbox 90 503 1755 597; baseline -0.01 -5"><span class='ocrx_word' id='word_1_18' title='bbox 90 534 187 592; x_wconf 82' lang='lat'><strong>15.</strong></span> <span class='ocrx_word' id='word_1_19' title='bbox 242 531 354 588; x_wconf 88' lang='lat' dir='ltr'><strong>Cui</strong></span> <span class='ocrx_word' id='word_1_20' title='bbox 387 528 671 585; x_wconf 88' lang='lat' dir='ltr'><strong>successit</strong></span> <span class='ocrx_word' id='word_1_21' title='bbox 713 503 895 584; x_wconf 86' lang='grc'><strong>1285.</strong></span> <span class='ocrx_word' id='word_1_22' title='bbox 930 522 1106 581; x_wconf 88' lang='lat' dir='ltr'><strong>filius.</strong></span> <span class='ocrx_word' id='word_1_23' title='bbox 1151 524 1260 580; x_wconf 92' lang='lat' dir='ltr'><strong>XI.</strong></span> <span class='ocrx_word' id='word_1_24' title='bbox 1298 524 1620 597; x_wconf 72' lang='lat' dir='ltr'><strong>Philippus</strong></span> <span class='ocrx_word' id='word_1_25' title='bbox 1647 520 1755 577; x_wconf 85' lang='lat' dir='ltr'><strong>IV.</strong></span> 
     </span>
    </p>

    <p class='ocr_par' dir='ltr' id='par_1_3' title="bbox 83 608 1811 2808">
     <span class='ocr_line' id='line_1_5' title="bbox 83 608 1758 694; baseline -0.006 -19"><span class='ocrx_word' id='word_1_26' title='bbox 83 619 381 684; x_wconf 74' lang='lat' dir='ltr'><strong>Pulcher,</strong></span> <span class='ocrx_word' id='word_1_27' title='bbox 421 615 529 694; x_wconf 84' lang='lat' dir='ltr'><strong>qui</strong></span> <span class='ocrx_word' id='word_1_28' title='bbox 571 626 784 672; x_wconf 78' lang='lat' dir='ltr'><strong>contla</strong></span> <span class='ocrx_word' id='word_1_29' title='bbox 835 613 1246 692; x_wconf 76' lang='lat' dir='ltr'><strong>Allagonium</strong></span> <span class='ocrx_word' id='word_1_30' title='bbox 1281 608 1606 667; x_wconf 82' lang='lat' dir='ltr'><strong>infelicitel</strong></span> <span class='ocrx_word' id='word_1_31' title='bbox 1641 631 1758 689; x_wconf 84' lang='lat' dir='ltr'><strong>pu-</strong></span> 
     </span>
     <span class='ocr_line' id='line_1_6' title="bbox 88 697 1763 786; baseline -0.006 -23"><span class='ocrx_word' id='word_1_32' title='bbox 88 705 319 786; x_wconf 74' lang='lat' dir='ltr'><strong>gnavit3</strong></span> <span class='ocrx_word' id='word_1_33' title='bbox 356 699 650 758; x_wconf 83' lang='lat' dir='ltr'><strong>diuturna</strong></span> <span class='ocrx_word' id='word_1_34' title='bbox 667 701 823 759; x_wconf 86' lang='lat' dir='ltr'><strong>bella</strong></span> <span class='ocrx_word' id='word_1_35' title='bbox 842 722 982 759; x_wconf 88' lang='lat' dir='ltr'><strong>cum</strong></span> <span class='ocrx_word' id='word_1_36' title='bbox 1007 698 1240 780; x_wconf 79' lang='lat' dir='ltr'><strong>Anglis,</strong></span> <span class='ocrx_word' id='word_1_37' title='bbox 1268 719 1609 779; x_wconf 88' lang='lat' dir='ltr'><strong>eorumque</strong></span> <span class='ocrx_word' id='word_1_38' title='bbox 1632 697 1763 755; x_wconf 86' lang='lat' dir='ltr'><strong>foe-</strong></span> 
     </span>
     <span class='ocr_line' id='line_1_7' title="bbox 88 785 1766 871; baseline -0.007 -20"><span class='ocrx_word' id='word_1_39' title='bbox 88 791 312 850; x_wconf 84' lang='lat' dir='ltr'><strong>deratis</strong></span> <span class='ocrx_word' id='word_1_40' title='bbox 349 787 624 847; x_wconf 87' lang='lat' dir='ltr'><strong>Flandris</strong></span> <span class='ocrx_word' id='word_1_41' title='bbox 650 792 833 871; x_wconf 79' lang='lat' dir='ltr'><strong>gessit</strong></span> <span class='ocrx_word' id='word_1_42' title='bbox 858 833 872 861; x_wconf 87' lang='lat'>,</span> <span class='ocrx_word' id='word_1_43' title='bbox 907 788 975 867; x_wconf 81' lang='lat' dir='ltr'><strong>a)</strong></span> <span class='ocrx_word' id='word_1_44' title='bbox 1008 786 1152 846; x_wconf 88' lang='lat' dir='ltr'><strong>dein</strong></span> <span class='ocrx_word' id='word_1_45' title='bbox 1177 786 1386 867; x_wconf 80' lang='lat' dir='ltr'><strong>Anglo</strong></span> <span class='ocrx_word' id='word_1_46' title='bbox 1405 785 1766 846; x_wconf 83' lang='lat' dir='ltr'><strong>reconcilia-</strong></span> 
     </span>
     <span class='ocr_line' id='line_1_8' title="bbox 84 874 1766 956; baseline -0.005 -18"><span class='ocrx_word' id='word_1_47' title='bbox 84 895 178 938; x_wconf 89' lang='lat' dir='ltr'><strong>tus</strong></span> <span class='ocrx_word' id='word_1_48' title='bbox 216 876 617 956; x_wconf 88' lang='lat' dir='ltr'><strong>Aquitaniam</strong></span> <span class='ocrx_word' id='word_1_49' title='bbox 650 879 953 950; x_wconf 77' lang='lat' dir='ltr'><strong>restituit,</strong></span> <span class='ocrx_word' id='word_1_50' title='bbox 989 874 1094 934; x_wconf 87' lang='lat' dir='ltr'><strong>sed</strong></span> <span class='ocrx_word' id='word_1_51' title='bbox 1130 875 1478 933; x_wconf 83' lang='lat' dir='ltr'><strong>Flandriam</strong></span> <span class='ocrx_word' id='word_1_52' title='bbox 1527 875 1589 931; x_wconf 88' lang='lat' dir='ltr'><em>V</em></span> <span class='ocrx_word' id='word_1_53' title='bbox 1591 877 1766 931; x_wconf 82' lang='lat' dir='ltr'><strong>idone</strong></span> 
     </span>
     <span class='ocr_line' id='line_1_9' title="bbox 89 960 1768 1047; baseline -0.003 -24"><span class='ocrx_word' id='word_1_54' title='bbox 89 965 247 1024; x_wconf 89' lang='lat' dir='ltr'><strong>duce</strong></span> <span class='ocrx_word' id='word_1_55' title='bbox 292 985 501 1024; x_wconf 85' lang='lat' dir='ltr'><strong>rursus</strong></span> <span class='ocrx_word' id='word_1_56' title='bbox 547 979 724 1047; x_wconf 87' lang='lat' dir='ltr'><strong>capto</strong></span> <span class='ocrx_word' id='word_1_57' title='bbox 764 965 1128 1046; x_wconf 82' lang='lat' dir='ltr'><strong>occupavit,</strong></span> <span class='ocrx_word' id='word_1_58' title='bbox 1174 985 1207 1019; x_wconf 85' lang='lat' dir='ltr'><strong>a</strong></span> <span class='ocrx_word' id='word_1_59' title='bbox 1251 961 1424 1044; x_wconf 84' lang='lat' dir='ltr'><strong>cujus</strong></span> <span class='ocrx_word' id='word_1_60' title='bbox 1457 960 1596 1021; x_wconf 88' lang='lat' dir='ltr'><strong>filiis</strong></span> <span class='ocrx_word' id='word_1_61' title='bbox 1622 960 1768 1021; x_wconf 88' lang='lat' dir='ltr'><strong>dein</strong></span> 
     </span>
     <span class='ocr_line' id='line_1_10' title="bbox 86 1050 1769 1134; baseline -0.004 -22"><span class='ocrx_word' id='word_1_62' title='bbox 86 1074 309 1134; x_wconf 79' lang='lat' dir='ltr'><strong>magna</strong></span> <span class='ocrx_word' id='word_1_63' title='bbox 345 1051 514 1112; x_wconf 88' lang='lat' dir='ltr'><strong>clade</strong></span> <span class='ocrx_word' id='word_1_64' title='bbox 546 1055 746 1112; x_wconf 77' lang='lat' dir='ltr'><strong>victus</strong></span> <span class='ocrx_word' id='word_1_65' title='bbox 793 1065 911 1126; x_wconf 82' lang='lat' dir='ltr'><strong>est3</strong></span> <span class='ocrx_word' id='word_1_66' title='bbox 958 1072 1101 1108; x_wconf 89' lang='lat' dir='ltr'><strong>nam</strong></span> <span class='ocrx_word' id='word_1_67' title='bbox 1139 1054 1278 1109; x_wconf 82' lang='lat'><strong>700.</strong></span> <span class='ocrx_word' id='word_1_68' title='bbox 1329 1072 1514 1110; x_wconf 88' lang='lat' dir='ltr'><strong>aurea</strong></span> <span class='ocrx_word' id='word_1_69' title='bbox 1560 1050 1769 1109; x_wconf 83' lang='lat' dir='ltr'><strong>Calca-</strong></span> 
     </span>
     <span class='ocr_line' id='line_1_11' title="bbox 90 1137 1770 1220; baseline -0.002 -22"><span class='ocrx_word' id='word_1_70' title='bbox 90 1144 181 1198; x_wconf 87' lang='lat' dir='ltr'><strong>ria</strong></span> <span class='ocrx_word' id='word_1_71' title='bbox 211 1159 528 1199; x_wconf 82' lang='lat' dir='ltr'><strong>caesorum</strong></span> <span class='ocrx_word' id='word_1_72' title='bbox 572 1140 892 1199; x_wconf 81' lang='lat' dir='ltr'>Gallorum</span> <span class='ocrx_word' id='word_1_73' title='bbox 927 1162 960 1197; x_wconf 91' lang='lat' dir='ltr'><strong>a</strong></span> <span class='ocrx_word' id='word_1_74' title='bbox 999 1137 1281 1196; x_wconf 85' lang='lat' dir='ltr'><strong>Flandris</strong></span> <span class='ocrx_word' id='word_1_75' title='bbox 1309 1138 1369 1196; x_wconf 89' lang='lat' dir='ltr'><strong>in</strong></span> <span class='ocrx_word' id='word_1_76' title='bbox 1400 1140 1644 1220; x_wconf 82' lang='lat' dir='ltr'><strong>signum</strong></span> <span class='ocrx_word' id='word_1_77' title='bbox 1675 1139 1770 1195; x_wconf 85' lang='lat' dir='ltr'><strong>vi-</strong></span> 
     </span>
     <span class='ocr_line' id='line_1_12' title="bbox 89 1224 1771 1312; baseline -0.003 -25"><span class='ocrx_word' id='word_1_78' title='bbox 89 1230 320 1287; x_wconf 80' lang='lat' dir='ltr'><strong>ctoriae</strong></span> <span class='ocrx_word' id='word_1_79' title='bbox 377 1250 667 1312; x_wconf 81' lang='lat' dir='ltr'><strong>suspensa</strong></span> <span class='ocrx_word' id='word_1_80' title='bbox 763 1242 937 1300; x_wconf 87' lang='lat' dir='ltr'><strong>sunt,</strong></span> <span class='ocrx_word' id='word_1_81' title='bbox 1028 1241 1308 1285; x_wconf 86' lang='lat' dir='ltr'><strong>ceterum</strong></span> <span class='ocrx_word' id='word_1_82' title='bbox 1376 1240 1438 1284; x_wconf 91' lang='lat' dir='ltr'><strong>et</strong></span> <span class='ocrx_word' id='word_1_83' title='bbox 1516 1224 1771 1283; x_wconf 83' lang='lat' dir='ltr'><strong>Flandri</strong></span> 
     </span>
     <span class='ocr_line' id='line_1_13' title="bbox 92 1312 1774 1385; baseline -0.005 -8"><span class='ocrx_word' id='word_1_84' title='bbox 92 1316 297 1377; x_wconf 87' lang='lat' dir='ltr'><strong>denuo</strong></span> <span class='ocrx_word' id='word_1_85' title='bbox 331 1338 457 1376; x_wconf 89' lang='lat' dir='ltr'><strong>non</strong></span> <span class='ocrx_word' id='word_1_86' title='bbox 505 1319 734 1376; x_wconf 85' lang='lat' dir='ltr'><strong>minori</strong></span> <span class='ocrx_word' id='word_1_87' title='bbox 794 1313 963 1375; x_wconf 82' lang='lat' dir='ltr'><strong>clade</strong></span> <span class='ocrx_word' id='word_1_88' title='bbox 1005 1312 1082 1371; x_wconf 89' lang='lat' dir='ltr'><strong>ad</strong></span> <span class='ocrx_word' id='word_1_89' title='bbox 1148 1314 1384 1371; x_wconf 83' lang='lat' dir='ltr'>Fanum</span> <span class='ocrx_word' id='word_1_90' title='bbox 1441 1316 1774 1385; x_wconf 76' lang='lat' dir='ltr'><strong>Odomccri,</strong></span> 
     </span>
     <span class='ocr_line' id='line_1_14' title="bbox 88 1399 1773 1485; baseline -0.004 -19"><span class='ocrx_word' id='word_1_91' title='bbox 88 1406 361 1466; x_wconf 77' lang='lat' dir='ltr'><strong>‚Arriam</strong></span> <span class='ocrx_word' id='word_1_92' title='bbox 391 1418 452 1464; x_wconf 87' lang='lat' dir='ltr'><strong>et</strong></span> <span class='ocrx_word' id='word_1_93' title='bbox 489 1408 534 1462; x_wconf 71' lang='grc' dir='ltr'><em>Ἰ</em></span> <span class='ocrx_word' id='word_1_94' title='bbox 535 1409 838 1462; x_wconf 72' lang='lat' dir='ltr'><strong>&#39;ornacum</strong></span> <span class='ocrx_word' id='word_1_95' title='bbox 885 1401 1193 1485; x_wconf 79' lang='lat' dir='ltr'><strong>profligati</strong></span> <span class='ocrx_word' id='word_1_96' title='bbox 1252 1414 1444 1462; x_wconf 86' lang='lat' dir='ltr'><strong>erant.</strong></span> <span class='ocrx_word' id='word_1_97' title='bbox 1480 1399 1773 1460; x_wconf 86' lang='lat' dir='ltr'><strong>Posthaec</strong></span> 
     </span>
     <span class='ocr_line' id='line_1_15' title="bbox 98 1489 1778 1576; baseline -0.002 -25"><span class='ocrx_word' id='word_1_98' title='bbox 98 1495 395 1551; x_wconf 75' lang='lat' dir='ltr'><strong>Lutetiae</strong></span> <span class='ocrx_word' id='word_1_99' title='bbox 424 1490 558 1553; x_wconf 86' lang='lat' dir='ltr'><strong>fere</strong></span> <span class='ocrx_word' id='word_1_100' title='bbox 586 1517 619 1552; x_wconf 92' lang='lat' dir='ltr'><strong>a</strong></span> <span class='ocrx_word' id='word_1_101' title='bbox 661 1492 841 1576; x_wconf 85' lang='lat' dir='ltr'><strong>plebe</strong></span> <span class='ocrx_word' id='word_1_102' title='bbox 876 1491 1150 1550; x_wconf 85' lang='lat' dir='ltr'><strong>obsessus</strong></span> <span class='ocrx_word' id='word_1_103' title='bbox 1170 1504 1300 1548; x_wconf 87' lang='lat' dir='ltr'><strong>erat</strong></span> <span class='ocrx_word' id='word_1_104' title='bbox 1320 1489 1403 1549; x_wconf 89' lang='lat' dir='ltr'><strong>ob</strong></span> <span class='ocrx_word' id='word_1_105' title='bbox 1423 1502 1778 1572; x_wconf 79' lang='lat' dir='ltr'><strong>corruptam</strong></span> 
     </span>
     <span class='ocr_line' id='line_1_16' title="bbox 98 1578 1784 1660; baseline -0.004 -19"><span class='ocrx_word' id='word_1_106' title='bbox 98 1594 413 1641; x_wconf 82' lang='lat' dir='ltr'><strong>monetam</strong></span> <span class='ocrx_word' id='word_1_107' title='bbox 439 1626 455 1654; x_wconf 83' lang='grc'>,</span> <span class='ocrx_word' id='word_1_108' title='bbox 504 1581 949 1640; x_wconf 81' lang='lat' dir='ltr'><strong>tumultuantes</strong></span> <span class='ocrx_word' id='word_1_109' title='bbox 994 1592 1197 1636; x_wconf 87' lang='lat' dir='ltr'><strong>tamen</strong></span> <span class='ocrx_word' id='word_1_110' title='bbox 1230 1578 1494 1636; x_wconf 77' lang='lat' dir='ltr'><strong>feliciter</strong></span> <span class='ocrx_word' id='word_1_111' title='bbox 1529 1598 1784 1660; x_wconf 80' lang='lat' dir='ltr'><strong>compo·</strong></span> 
     </span>
     <span class='ocr_line' id='line_1_17' title="bbox 102 1664 1781 1739; baseline -0.004 -11"><span class='ocrx_word' id='word_1_112' title='bbox 102 1671 240 1728; x_wconf 87' lang='lat' dir='ltr'><strong>suit.</strong></span> <span class='ocrx_word' id='word_1_113' title='bbox 290 1668 450 1727; x_wconf 91' lang='lat' dir='ltr'><strong>Dein</strong></span> <span class='ocrx_word' id='word_1_114' title='bbox 493 1670 804 1730; x_wconf 84' lang='lat' dir='ltr'><strong>adulteros</strong></span> <span class='ocrx_word' id='word_1_115' title='bbox 849 1689 1116 1726; x_wconf 78' lang='lat' dir='ltr'><strong>uxorum</strong></span> <span class='ocrx_word' id='word_1_116' title='bbox 1169 1664 1440 1726; x_wconf 86' lang='lat' dir='ltr'><strong>filiorum</strong></span> <span class='ocrx_word' id='word_1_117' title='bbox 1486 1687 1781 1739; x_wconf 85' lang='lat' dir='ltr'><strong>suorum,</strong></span> 
     </span>
     <span class='ocr_line' id='line_1_18' title="bbox 103 1754 1788 1838; baseline -0.002 -24"><span class='ocrx_word' id='word_1_118' title='bbox 103 1755 391 1815; x_wconf 83' lang='lat' dir='ltr'><strong>verendis</strong></span> <span class='ocrx_word' id='word_1_119' title='bbox 440 1758 661 1816; x_wconf 85' lang='lat' dir='ltr'><strong>avulsis</strong></span> <span class='ocrx_word' id='word_1_120' title='bbox 693 1754 982 1838; x_wconf 84' lang='lat' dir='ltr'><strong>suspendi</strong></span> <span class='ocrx_word' id='word_1_121' title='bbox 1020 1759 1276 1813; x_wconf 87' lang='lat' dir='ltr'><strong>curavit.</strong></span> <span class='ocrx_word' id='word_1_122' title='bbox 1325 1756 1485 1813; x_wconf 90' lang='lat' dir='ltr'><strong>Cum</strong></span> <span class='ocrx_word' id='word_1_123' title='bbox 1524 1756 1788 1829; x_wconf 74' lang='lat' dir='ltr'><strong>Bonifa-</strong></span> 
     </span>
     <span class='ocr_line' id='line_1_19' title="bbox 106 1840 1790 1926; baseline -0.001 -25"><span class='ocrx_word' id='word_1_124' title='bbox 106 1847 198 1901; x_wconf 82' lang='lat' dir='ltr'><strong>cio</strong></span> <span class='ocrx_word' id='word_1_125' title='bbox 250 1846 434 1901; x_wconf 89' lang='lat' dir='ltr'><em>VIII.</em></span> <span class='ocrx_word' id='word_1_126' title='bbox 485 1844 783 1904; x_wconf 84' lang='lat' dir='ltr'><strong>Pontifice</strong></span> <span class='ocrx_word' id='word_1_127' title='bbox 816 1843 1185 1926; x_wconf 80' lang='lat' dir='ltr'><strong>gravissimis</strong></span> <span class='ocrx_word' id='word_1_128' title='bbox 1217 1841 1481 1902; x_wconf 90' lang='lat' dir='ltr'><strong>dissidiis</strong></span> <span class='ocrx_word' id='word_1_129' title='bbox 1498 1840 1790 1901; x_wconf 83' lang='lat' dir='ltr'><strong>collucta-</strong></span> 
     </span>
     <span class='ocr_line' id='line_1_20' title="bbox 108 1928 1791 2014; baseline -0.001 -24"><span class='ocrx_word' id='word_1_130' title='bbox 108 1945 207 1990; x_wconf 89' lang='lat' dir='ltr'><strong>tus</strong></span> <span class='ocrx_word' id='word_1_131' title='bbox 248 1928 494 1991; x_wconf 86' lang='lat' dir='ltr'><strong>demum</strong></span> <span class='ocrx_word' id='word_1_132' title='bbox 541 1936 726 1993; x_wconf 82' lang='lat' dir='ltr'><strong>sacris</strong></span> <span class='ocrx_word' id='word_1_133' title='bbox 781 1929 1143 1991; x_wconf 83' lang='lat' dir='ltr'><strong>interdictus</strong></span> <span class='ocrx_word' id='word_1_134' title='bbox 1192 1945 1281 1991; x_wconf 86' lang='lat' dir='ltr'><strong>est</strong></span> <span class='ocrx_word' id='word_1_135' title='bbox 1325 1928 1499 2014; x_wconf 82' lang='lat' dir='ltr'><strong>quod</strong></span> <span class='ocrx_word' id='word_1_136' title='bbox 1553 1951 1791 1990; x_wconf 84' lang='lat' dir='ltr'><strong>sacram</strong></span> 
     </span>
     <span class='ocr_line' id='line_1_21' title="bbox 106 2018 1795 2081; baseline 0 -4"><span class='ocrx_word' id='word_1_137' title='bbox 106 2018 393 2077; x_wconf 88' lang='lat' dir='ltr'><strong>militiam</strong></span> <span class='ocrx_word' id='word_1_138' title='bbox 427 2019 839 2081; x_wconf 86' lang='lat' dir='ltr'><strong>detrectasset.</strong></span> <span class='ocrx_word' id='word_1_139' title='bbox 877 2019 1152 2078; x_wconf 88' lang='lat' dir='ltr'><strong>Tandem</strong></span> <span class='ocrx_word' id='word_1_140' title='bbox 1172 2021 1592 2079; x_wconf 86' lang='lat' dir='ltr'><strong>consentiente</strong></span> <span class='ocrx_word' id='word_1_141' title='bbox 1627 2021 1795 2079; x_wconf 88' lang='lat' dir='ltr'><strong>Pon-</strong></span> 
     </span>
     <span class='ocr_line' id='line_1_22' title="bbox 110 2104 1790 2191; baseline -0.001 -25"><span class='ocrx_word' id='word_1_142' title='bbox 110 2104 269 2166; x_wconf 84' lang='lat' dir='ltr'><strong>tifice</strong></span> <span class='ocrx_word' id='word_1_143' title='bbox 293 2108 793 2191; x_wconf 85' lang='lat' dir='ltr'><strong>Templariorum</strong></span> <span class='ocrx_word' id='word_1_144' title='bbox 841 2104 1127 2168; x_wconf 82' lang='lat' dir='ltr'><strong>ordinem</strong></span> <span class='ocrx_word' id='word_1_145' title='bbox 1162 2121 1513 2189; x_wconf 86' lang='lat' dir='ltr'><strong>equestrem</strong></span> <span class='ocrx_word' id='word_1_146' title='bbox 1537 2104 1790 2182; x_wconf 82' lang='lat' dir='ltr'><strong>delevit,</strong></span> 
     </span>
     <span class='ocr_line' id='line_1_23' title="bbox 108 2196 1794 2257; baseline -0.001 -2"><span class='ocrx_word' id='word_1_147' title='bbox 108 2207 170 2255; x_wconf 85' lang='lat' dir='ltr'><strong>et</strong></span> <span class='ocrx_word' id='word_1_148' title='bbox 207 2210 488 2255; x_wconf 85' lang='lat' dir='ltr'><strong>mortuus</strong></span> <span class='ocrx_word' id='word_1_149' title='bbox 534 2210 625 2256; x_wconf 89' lang='lat' dir='ltr'><strong>est</strong></span> <span class='ocrx_word' id='word_1_150' title='bbox 660 2219 709 2254; x_wconf 94' lang='lat' dir='ltr'><strong>a.</strong></span> <span class='ocrx_word' id='word_1_151' title='bbox 754 2197 936 2257; x_wconf 77' lang='lat'><strong>1515.</strong></span> <span class='ocrx_word' id='word_1_152' title='bbox 984 2198 1085 2255; x_wconf 92' lang='lat' dir='ltr'><strong>cui</strong></span> <span class='ocrx_word' id='word_1_153' title='bbox 1126 2198 1411 2257; x_wconf 86' lang='lat' dir='ltr'><strong>successit</strong></span> <span class='ocrx_word' id='word_1_154' title='bbox 1465 2196 1609 2255; x_wconf 93' lang='lat' dir='ltr'><strong>XII.</strong></span> <span class='ocrx_word' id='word_1_155' title='bbox 1661 2198 1794 2256; x_wconf 53' lang='lat' dir='ltr'><strong>Lu«</strong></span> 
     </span>
     <span class='ocr_line' id='line_1_24' title="bbox 114 2274 1798 2367; baseline 0.001 -27"><span class='ocrx_word' id='word_1_156' title='bbox 114 2282 372 2343; x_wconf 85' lang='lat' dir='ltr'><strong>dovicus</strong></span> <span class='ocrx_word' id='word_1_157' title='bbox 391 2274 465 2342; x_wconf 85' lang='lat' dir='ltr'><strong>X&#39;.</strong></span> <span class='ocrx_word' id='word_1_158' title='bbox 489 2282 679 2358; x_wconf 88' lang='lat' dir='ltr'><strong>filius,</strong></span> <span class='ocrx_word' id='word_1_159' title='bbox 712 2288 999 2342; x_wconf 75' lang='lat' dir='ltr'><strong>Hzitimcs</strong></span> <span class='ocrx_word' id='word_1_160' title='bbox 1024 2284 1254 2361; x_wconf 81' lang='lat' dir='ltr'><strong>dictus3</strong></span> <span class='ocrx_word' id='word_1_161' title='bbox 1287 2283 1411 2367; x_wconf 82' lang='lat' dir='ltr'><strong>jam</strong></span> <span class='ocrx_word' id='word_1_162' title='bbox 1454 2296 1630 2343; x_wconf 87' lang='lat' dir='ltr'><strong>antea</strong></span> <span class='ocrx_word' id='word_1_163' title='bbox 1669 2285 1798 2345; x_wconf 82' lang='lat' dir='ltr'><strong>Na-</strong></span> 
     </span>
     <span class='ocr_line' id='line_1_25' title="bbox 111 2372 1805 2454; baseline 0.001 -26"><span class='ocrx_word' id='word_1_164' title='bbox 111 2393 446 2431; x_wconf 85' lang='lat' dir='ltr'><strong>varrorum</strong></span> <span class='ocrx_word' id='word_1_165' title='bbox 480 2393 592 2431; x_wconf 71' lang='lat' dir='ltr'><strong>rex</strong></span> <span class='ocrx_word' id='word_1_166' title='bbox 622 2385 858 2431; x_wconf 86' lang='lat' dir='ltr'><strong>creatus</strong></span> <span class='ocrx_word' id='word_1_167' title='bbox 893 2386 1058 2448; x_wconf 74' lang='lat' dir='ltr'><strong>erat,</strong></span> <span class='ocrx_word' id='word_1_168' title='bbox 1106 2395 1235 2454; x_wconf 86' lang='lat' dir='ltr'><strong>quo</strong></span> <span class='ocrx_word' id='word_1_169' title='bbox 1268 2372 1485 2433; x_wconf 88' lang='lat' dir='ltr'><strong>eodem</strong></span> <span class='ocrx_word' id='word_1_170' title='bbox 1526 2396 1689 2433; x_wconf 88' lang='lat' dir='ltr'><strong>anno</strong></span> <span class='ocrx_word' id='word_1_171' title='bbox 1722 2374 1805 2432; x_wconf 87' lang='lat' dir='ltr'><strong>si-</strong></span> 
     </span>
     <span class='ocr_line' id='line_1_26' title="bbox 114 2459 1801 2523; baseline 0.001 -6"><span class='ocrx_word' id='word_1_172' title='bbox 114 2481 194 2519; x_wconf 84' lang='lat' dir='ltr'><strong>ne</strong></span> <span class='ocrx_word' id='word_1_173' title='bbox 237 2459 448 2519; x_wconf 86' lang='lat' dir='ltr'><strong>liberis</strong></span> <span class='ocrx_word' id='word_1_174' title='bbox 479 2475 728 2520; x_wconf 85' lang='lat' dir='ltr'><strong>mortuo</strong></span> <span class='ocrx_word' id='word_1_175' title='bbox 764 2463 922 2520; x_wconf 87' lang='lat' dir='ltr'><strong>acris</strong></span> <span class='ocrx_word' id='word_1_176' title='bbox 980 2463 1297 2521; x_wconf 90' lang='lat' dir='ltr'><strong>contentio</strong></span> <span class='ocrx_word' id='word_1_177' title='bbox 1358 2477 1533 2522; x_wconf 87' lang='lat' dir='ltr'><strong>enata</strong></span> <span class='ocrx_word' id='word_1_178' title='bbox 1583 2476 1674 2523; x_wconf 88' lang='lat' dir='ltr'><strong>est</strong></span> <span class='ocrx_word' id='word_1_179' title='bbox 1723 2460 1801 2520; x_wconf 90' lang='lat' dir='ltr'><strong>de</strong></span> 
     </span>
     <span class='ocr_line' id='line_1_27' title="bbox 117 2548 1808 2623; baseline -0.001 -17"><span class='ocrx_word' id='word_1_180' title='bbox 117 2550 517 2623; x_wconf 81' lang='lat' dir='ltr'><strong>successione3</strong></span> <span class='ocrx_word' id='word_1_181' title='bbox 564 2563 839 2609; x_wconf 87' lang='lat' dir='ltr'><strong>ceterum</strong></span> <span class='ocrx_word' id='word_1_182' title='bbox 875 2563 1081 2608; x_wconf 87' lang='lat' dir='ltr'><strong>tamen</strong></span> <span class='ocrx_word' id='word_1_183' title='bbox 1105 2572 1249 2609; x_wconf 81' lang='lat' dir='ltr'><strong>mox</strong></span> <span class='ocrx_word' id='word_1_184' title='bbox 1279 2550 1334 2610; x_wconf 85' lang='lat' dir='ltr'><strong>ei</strong></span> <span class='ocrx_word' id='word_1_185' title='bbox 1357 2554 1647 2609; x_wconf 87' lang='lat' dir='ltr'><strong>successit</strong></span> <span class='ocrx_word' id='word_1_186' title='bbox 1680 2548 1808 2606; x_wconf 83' lang='lat' dir='ltr'><strong>fra-</strong></span> 
     </span>
     <span class='ocr_line' id='line_1_28' title="bbox 123 2636 1811 2719; baseline 0 -26"><span class='ocrx_word' id='word_1_187' title='bbox 123 2647 221 2694; x_wconf 87' lang='lat' dir='ltr'><strong>ter</strong></span> <span class='ocrx_word' id='word_1_188' title='bbox 254 2636 427 2694; x_wconf 83' lang='lat' dir='ltr'><strong>XIII.</strong></span> <span class='ocrx_word' id='word_1_189' title='bbox 456 2639 779 2713; x_wconf 70' lang='lat' dir='ltr'><strong>Philippus</strong></span> <span class='ocrx_word' id='word_1_190' title='bbox 802 2642 1059 2714; x_wconf 74' lang='lat' dir='ltr'><strong>Longus</strong></span> <span class='ocrx_word' id='word_1_191' title='bbox 1083 2640 1191 2719; x_wconf 89' lang='lat' dir='ltr'><strong>qui</strong></span> <span class='ocrx_word' id='word_1_192' title='bbox 1212 2639 1249 2695; x_wconf 89' lang='lat' dir='ltr'><strong>J</strong></span> <span class='ocrx_word' id='word_1_193' title='bbox 1253 2636 1477 2696; x_wconf 86' lang='lat' dir='ltr'><strong>udaeos</strong></span> <span class='ocrx_word' id='word_1_194' title='bbox 1502 2660 1579 2697; x_wconf 78' lang='lat' dir='ltr'><strong>ex</strong></span> <span class='ocrx_word' id='word_1_195' title='bbox 1612 2639 1811 2696; x_wconf 78' lang='lat' dir='ltr'><strong>Fran-</strong></span> 
     </span>
     <span class='ocr_line' id='line_1_29' title="bbox 122 2722 1809 2808; baseline 0.002 -29"><span class='ocrx_word' id='word_1_196' title='bbox 122 2724 216 2781; x_wconf 88' lang='lat' dir='ltr'><strong>cia</strong></span> <span class='ocrx_word' id='word_1_197' title='bbox 263 2722 535 2805; x_wconf 81' lang='lat' dir='ltr'><strong>expulit:</strong></span> <span class='ocrx_word' id='word_1_198' title='bbox 585 2728 769 2808; x_wconf 85' lang='lat' dir='ltr'><strong>eique</strong></span> <span class='ocrx_word' id='word_1_199' title='bbox 803 2738 1050 2786; x_wconf 86' lang='lat' dir='ltr'><strong>mortuo</strong></span> <span class='ocrx_word' id='word_1_200' title='bbox 1075 2727 1358 2785; x_wconf 88' lang='lat' dir='ltr'><strong>successit</strong></span> <span class='ocrx_word' id='word_1_201' title='bbox 1393 2728 1574 2785; x_wconf 82' lang='lat'><strong>1522.</strong></span> <span class='ocrx_word' id='word_1_202' title='bbox 1613 2724 1809 2784; x_wconf 80' lang='lat' dir='ltr'><strong>frater</strong></span> 
     </span>
    </p>

    <p class='ocr_par' dir='ltr' id='par_1_4' title="bbox 1548 2813 1719 2871">
     <span class='ocr_line' id='line_1_30' title="bbox 1548 2813 1719 2871; baseline -0.006 0"><span class='ocrx_word' id='word_1_203' title='bbox 1548 2813 1719 2871; x_wconf 88' lang='lat' dir='ltr'><strong>XIV.</strong></span> 
     </span>
    </p>
   </div>
   <div class='ocr_carea' id='block_1_3' title="bbox 127 2919 447 2937">
    <p class='ocr_par' dir='ltr' id='par_1_5' title="bbox 127 2919 447 2937">
     <span class='ocr_line' id='line_1_31' title="bbox 127 2919 447 2937; baseline 0 735"><span class='ocrx_word' id='word_1_204' title='bbox 127 2919 447 2937; x_wconf 95' lang='lat' dir='ltr'><strong> </strong></span> 
     </span>
    </p>
   </div>
   <div class='ocr_carea' id='block_1_4' title="bbox 201 2994 1815 3139">
    <p class='ocr_par' dir='ltr' id='par_1_6' title="bbox 201 2994 1815 3139">
     <span class='ocr_line' id='line_1_32' title="bbox 201 2994 1815 3067; baseline 0.004 -22"><span class='ocrx_word' id='word_1_205' title='bbox 201 2996 276 3058; x_wconf 81' lang='lat' dir='ltr'><strong>a)</strong></span> <span class='ocrx_word' id='word_1_206' title='bbox 315 2995 461 3045; x_wconf 80' lang='lat' dir='ltr'><strong>Paul</strong></span> <span class='ocrx_word' id='word_1_207' title='bbox 503 2994 789 3048; x_wconf 73' lang='lat' dir='ltr'><strong>Aemiliam.</strong></span> <span class='ocrx_word' id='word_1_208' title='bbox 822 2996 880 3048; x_wconf 95' lang='lat' dir='ltr'><strong>L.</strong></span> <span class='ocrx_word' id='word_1_209' title='bbox 915 2995 964 3050; x_wconf 84' lang='lat'><strong>8.</strong></span> <span class='ocrx_word' id='word_1_210' title='bbox 1000 2997 1125 3067; x_wconf 53' lang='lat' dir='ltr'><strong>Poly</strong></span> <span class='ocrx_word' id='word_1_211' title='bbox 1123 2996 1258 3051; x_wconf 54' lang='lat' dir='ltr'><strong>*adm</strong></span> <span class='ocrx_word' id='word_1_212' title='bbox 1290 2998 1358 3055; x_wconf 82' lang='lat' dir='ltr'><strong>L.</strong></span> <span class='ocrx_word' id='word_1_213' title='bbox 1393 2996 1480 3054; x_wconf 82' lang='lat'><strong>17.·</strong></span> <span class='ocrx_word' id='word_1_214' title='bbox 1520 2999 1651 3054; x_wconf 76' lang='lat' dir='ltr'><strong>ilem</strong></span> <span class='ocrx_word' id='word_1_215' title='bbox 1703 3003 1815 3052; x_wconf 83' lang='lat' dir='ltr'><strong>An·-</strong></span> 
     </span>
     <span class='ocr_line' id='line_1_33' title="bbox 297 3064 1568 3139; baseline 0.007 -24"><span class='ocrx_word' id='word_1_216' title='bbox 297 3064 441 3118; x_wconf 79' lang='lat' dir='ltr'><strong>nales</strong></span> <span class='ocrx_word' id='word_1_217' title='bbox 472 3065 769 3119; x_wconf 73' lang='lat' dir='ltr'><strong>Flandtiae.</strong></span> <span class='ocrx_word' id='word_1_218' title='bbox 792 3076 844 3118; x_wconf 83' lang='lat' dir='ltr'><strong>et</strong></span> <span class='ocrx_word' id='word_1_219' title='bbox 882 3069 992 3139; x_wconf 81' lang='lat' dir='ltr'><strong>Bay</strong></span> <span class='ocrx_word' id='word_1_220' title='bbox 998 3068 1175 3121; x_wconf 82' lang='lat' dir='ltr'><strong>erlink</strong></span> <span class='ocrx_word' id='word_1_221' title='bbox 1218 3069 1274 3123; x_wconf 89' lang='lat' dir='ltr'><strong>in</strong></span> <span class='ocrx_word' id='word_1_222' title='bbox 1306 3069 1568 3125; x_wconf 71' lang='lat' dir='ltr'><strong>Theano.</strong></span> 
     </span>
    </p>
   </div>
  </div>
 </body>
</html>
