1940 3672
491 165 810 221 Gallorum
841 168 904 216 et
936 158 1343 223 Francorum,
1560 161 1587 217 1
1601 164 1633 220 Ο
1648 164 1677 219 7

94 336 317 396 cimina
354 335 581 410 edidit3
626 353 769 391 nam
805 326 1072 389 Judaeos
1109 349 1275 388 sacra
1299 327 1643 389 Christiana
1675 353 1768 391 as—

96 446 334 484 sumere
364 423 766 482 detrectantes
811 415 1000 478 exilio
1045 417 1366 476 multavit:
1433 417 1577 478 dein
1633 440 1775 479 cum

97 513 416 569 Richardo
459 506 717 588 Angliae
749 527 894 587 rege
933 503 1392 585 expeditionem
1424 507 1489 564 in
1517 508 1776 565 Terram

100 598 390 656 Sanctam
427 594 785 666 adornavit,
830 591 936 652 sed
973 590 1055 649 ob
1098 612 1314 674 graves
1368 592 1774 653 dissensiones

97 686 258 742 inter
296 697 638 762 utrumque
672 701 883 762 regem
918 693 1177 754 exortas,
1226 681 1553 758 Philippus
1594 679 1772 739 brevi

90 791 408 842 reversus,
457 790 601 828 mox
638 768 933 851 plurimas
979 769 1330 848 provincias
1379 790 1527 851 quas
1578 767 1767 849 Angli

91 859 157 915 in
212 857 466 915 Francia
513 855 908 938 possidebant
962 855 1297 927 invadenS,
1372 855 1614 916 easdem
1697 857 1766 936 a)

91 946 276 1004 etiam
317 944 539 1003 ditioni
579 966 720 1004 suae
741 941 1033 1025 subjecit:
1082 943 1367 1003 similiter
1403 956 1624 1003 etcum
1644 943 1769 1001 Im-

89 1046 377 1113 peratore
415 1036 634 1090 Ottone
660 1035 715 1093 .I
714 1036 786 1092 V.
833 1030 910 1089 ad
944 1027 991 1088 F
995 1029 1270 1090 landriae
1301 1029 1602 1112 oppidum
1639 1033 1769 1088 Bo-

90 1122 326 1177 vininm
370 1140 680 1203 pugnans,
731 1121 1030 1202 insignem
1063 1120 1384 1178 victoriam
1428 1118 1504 1177 de
1541 1140 1615 1179 eo
1669 1141 1773 1179 re-

85 1210 379 1290 portavit.
428 1207 708 1267 Uxorem
743 1229 917 1266 suam
966 1209 1196 1266 Canuti
1229 1208 1461 1265 Daniae
1481 1208 1641 1287 regis
1674 1229 1770 1266 so-

87 1315 298 1353 rorem
335 1294 692 1378 repudiavit
743 1294 1034 1377 quidem,
1095 1293 1201 1354 sed
1256 1296 1321 1351 vi
1375 1292 1770 1373 Synodorum

84 1380 288 1442 denuo
334 1386 613 1465 recipere
649 1385 1014 1465 cogebatur:
1064 1383 1361 1464 quoniam
1385 1393 1594 1440 autem
1624 1380 1767 1439 An-

83 1469 239 1551 gliae
275 1492 485 1552 regem
524 1474 823 1531 continuo
867 1492 1062 1554 regno
1110 1482 1396 1530 excutere
1438 1469 1764 1543 niteretur,

84 1557 223 1617 ideo
261 1560 544 1619 stabilem
579 1561 863 1618 militiam
894 1561 1193 1620 instituit:
1242 1561 1351 1640 qui
1407 1555 1659 1615 demum
1688 1555 1765 1616 ad

83 1667 135 1704 a.
193 1650 375 1708 1223.
429 1651 700 1708 moriens
781 1651 1104 1726 Sexagena
1167 1649 1366 1705 millia
1435 1666 1770 1702 aureorum

87 1735 344 1792 Brenno
390 1739 626 1813 legavit
649 1734 726 1793 ad
760 1734 997 1795 bellum
1030 1756 1269 1794 sacrum
1293 1732 1767 1815 suscipiendum.

89 1820 256 1880 VIII.
306 1826 661 1882 anlovicns
685 1826 872 1881 VIII.
896 1825 1060 1906 patri
1093 1821 1422 1883 succedens
1455 1843 1604 1881 mox
1633 1822 1771 1879 An·-

90 1909 201 1989 glis
234 1913 570 1986 chpellam
606 1932 976 1994 omnemque
1022 1913 1084 1970 in
1108 1910 1302 1968 Gallia
1326 1913 1645 1993 regionem
1664 1908 1771 1967 ad-

89 1999 274 2072 emit,
321 2013 538 2057 contra
568 1998 962 2080 Albigense5‚
1010 2021 1165 2082 quos
1219 2002 1611 2057 Raimnnclns
1646 1998 1772 2056 Το-

83 2084 330 2144 losanus
363 2088 581 2146 Comes
612 2085 859 2146 fovebat
895 2088 1128 2148 bellum
1178 2090 1397 2169 gessit,
1448 2085 1553 2146 sed
1600 2098 1770 2168 peste

83 2170 399 2233 infestatus
423 2174 560 2256 plus
583 2197 771 2257 quam
795 2180 888 2235 22.
914 2175 1104 2236 millia
1122 2198 1198 2235 ex
1220 2177 1496 2236 exercitu
1519 2186 1765 2258 praeter

87 2260 236 2319 alios
278 2265 575 2322 maximos
610 2265 779 2322 viros
826 2267 1061 2337 amisit,
1108 2265 1233 2324 imo
1276 2265 1403 2345 ipse
1429 2266 1612 2322 etiam
1651 2282 1766 2322 rex

86 2347 298 2407 eadem
336 2364 503 2433 peste
549 2353 883 2411 exstinctus
918 2365 1008 2412 est
1044 2355 1225 2413 1226.
1273 2353 1387 2410 Cui
1413 2351 1630 2410 eodem
1654 2373 1763 2407 an-

83 2458 167 2495 no
199 2441 486 2497 successit
542 2440 648 2498 IX.
696 2441 1051 2499 Lndovieus
1111 2442 1218 2499 IX.
1278 2444 1585 2514 Sanctam,
1651 2438 1764 2497 sub

85 2524 272 2582 tutela
312 2527 521 2587 matris
552 2530 908 2603 Blanclzae,
974 2551 1133 2612 quae
1171 2528 1650 2612 prudentissime
1695 2524 1765 2583 fi-

81 2610 232 2671 lium
267 2615 330 2671 in
388 2614 678 2675 omnibus
745 2616 1024 2677 salutaris
1074 2616 1396 2677 doctrinae
1444 2617 1764 2700 principiis

86 2697 372 2759 educavit
396 2747 411 2776 ‚
459 2724 843 2787 regnumque
884 2704 1113 2766 utiliter
1141 2705 1611 2780 administravit3
1657 2723 1762 2761 cu-

1577 2814 1671 2874 Jus

163 2945 238 3001 a)
277 2940 425 2994 Paul.
462 2940 746 2994 Aemilian.
784 2940 846 2997 L.
898 2941 952 2997 6.
991 2952 1044 2994 et
1097 2942 1144 2996 7.
1185 2944 1491 2997 crantzius.
1543 2946 1604 2997 L.
1635 2943 1682 2997 7.
1722 2963 1766 3000 c.

242 3005 326 3086 35.
356 3011 541 3088 ‘Papia
580 3011 812 3063 Masson.
853 3012 913 3063 L.
950 3011 999 3063 3.
1038 3012 1178 3074 Hist.
1216 3014 1474 3071 Matthias
1496 3015 1768 3069 Parisien-

241 3097 313 3131 Sis
350 3097 404 3133 m
440 3083 645 3135 Joanne
694 3091 746 3135 et
780 3081 1037 3135 Henrico‚
