1940 3672
222 216 302 275 5'ss
801 206 1239 262 Historia

135 401 318 463 etiam
371 393 553 456 hodie
590 389 672 451 ob
738 386 984 446 divitias
1065 396 1127 443 et
1203 380 1580 465 potentiam,
1656 381 1825 442 i‘nter

140 491 470 573 primarios
508 481 794 560 Europae
856 486 1048 532 status
1101 482 1469 529 numeratur
1525 466 1595 546 a)
1657 469 1824 528 Hinc

139 574 414 661 potentia
455 570 882 649 Hispanorum
904 561 967 617 in
1012 556 1288 618 deterius
1329 557 1555 615 mutari
1602 559 1827 641 coepit3

140 685 286 724 nam
328 658 601 718 Olivarii
648 650 891 710 comitis
931 644 1111 719 fastn,
1141 668 1175 703 a
1207 642 1379 726 cujus
1419 657 1574 703 nutu
1607 657 1670 704 et
1715 668 1828 726 gu·-

141 751 366 812 bernio
403 742 698 824 Hispania
725 736 1068 820 plurimum
1092 731 1434 814 pendebet‚
1472 733 1688 792 offensi
1713 735 1827 793 Ca-

143 835 396 899 talaunii
420 846 483 892 et
514 827 834 896 Lusitani,
899 835 1134 881 tantam
1190 818 1557 881 seditionem
1615 843 1832 882 move-

142 938 331 998 runt,
378 933 452 980 ut
495 914 838 977 Catalaunii
882 907 1129 969 nonnisi
1167 907 1458 967 undecim
1506 930 1833 970 ·annorum

143 1014 341 1097 spatio
379 1003 708 1089 componi,
757 1000 1040 1060 Lusitani
1071 1017 1225 1057 vero
1257 994 1535 1055 adhibita
1559 999 1742 1058 etiam
1762 1001 1827 1056 vi

147 1119 472 1183 nunquam
504 1093 705 1173 subigi
740 1097 1083 1172 potuerunt
1103 1128 1120 1157 ‚
1168 1107 1202 1142 a
1248 1106 1376 1166 quo
1409 1097 1691 1166 tempore
1713 1084 1830 1147 sub

146 1187 418 1272 propriis
454 1181 710 1266 regibus
735 1176 1051 1237 Lusitania
1091 1194 1199 1233 seu
1239 1171 1617 1254 Pol-tugallia
1639 1172 1836 1234 floret.

146 1275 486 1338 Infeliciter
533 1271 719 1331 etiam
757 1286 902 1324 cum
952 1260 1144 1321 Gallis
1182 1259 1416 1321 bellum
1463 1274 1705 1342 gestum
1731 1276 1839 1336 est,

146 1388 296 1424 nam
338 1364 406 1422 vi
446 1360 607 1443 pacis
664 1358 728 1414 in
774 1348 1093 1412 montibus
1143 1351 1491 1426 Pyrenaeis
1538 1351 1841 1425 sancitae,

149 1453 347 1516 multa
370 1446 797 1509 florentissima
821 1439 1016 1521 Belgii
1033 1436 1285 1521 oppida,
1308 1460 1430 1496 una
1453 1457 1595 1496 cum
1618 1439 1844 1499 Rusci-

149 1539 411 1603 nonensi
477 1536 773 1595 comitatu
827 1527 1016 1587 Gallis
1059 1539 1393 1587 cesserunt.
1460 1530 1636 1587 Inter
1687 1550 1842 1611 quas

152 1650 336 1691 curas
380 1626 707 1698 Philippus
744 1618 851 1678 lV.
897 1627 1178 1674 mortuus
1209 1628 1300 1674 est
1351 1615 1536 1676 1665.

315 1715 424 1778 VI.
468 1713 729 1771 Carolus
761 1708 850 1764 II.
881 1705 1158 1779 Philippi
1178 1701 1288 1761 IV.
1311 1700 1491 1773 filius,
1514 1723 1660 1763 cum
1685 1725 1846 1764 non»

156 1807 273 1868 nisi
309 1803 596 1886 quinque
632 1815 820 1856 annos
851 1805 1034 1850 natus
1068 1803 1222 1850 esset
1243 1835 1259 1863 ‚
1306 1787 1440 1872 ejus
1473 1788 1610 1850 loco
1644 1806 1844 1853 mater

155 1896 385 1955 Maria
415 1889 610 1948 Anna
642 1881 988 1955 Austriaca‚
1018 1880 1321 1954 Leopoldi
1361 1879 1413 1936 I.
1437 1877 1847 1962 Imperatoris

156 2003 337 2044 soror
380 1996 644 2059 regnum
677 1968 1178 2042 administravit3
1238 1967 1347 2050 qui
1371 1979 1652 2027 materna
1698 1991 1851 2029 cura

157 2070 451 2134 educatus
482 2065 667 2126 etiam
712 2058 861 2118 dum
897 2053 1265 2116 adolevisset
1297 2054 1619 2115 imbecillis
1666 2058 1849 2118 Prin-

156 2179 300 2242 ceps
328 2154 554 2226 evasit,
598 2148 1038 2227 continuisque
1070 2141 1251 2204 bellis
1296 2165 1365 2202 ac
1404 2141 1774 2206 factionibus
1789 2148 1851 2224 b)

154 2248 416 2331 agitatus
441 2287 457 2318 ‚
501 2238 733 2299 frustra
762 2231 1114 2296 deficientes
1152 2229 1277 2314 jam
1311 2245 1491 2292 antea
1523 2232 1853 2296 Lusitanos

161 2335 241 2396 ad
273 2329 648 2412 obsequium
699 2342 998 2385 revocare
1055 2317 1330 2392 studuit,
1394 2341 1668 2404 cumque
1727 2345 1856 2382 ma-

159 2443 344 2507 gnam
376 2416 527 2480 belli
571 2412 873 2498 jactui-am
907 2422 1116 2469 secum
1150 2407 1520 2468 revolvisset
1541 2452 1556 2482 ,
1603 2410 1852 2472 tandem

163 2510 353 2575 1669.
399 2504 783 2567 Lusitaniam
814 2544 830 2575 ‚
869 2518 1137 2579 regnum
1176 2493 1450 2578 suijuris
1487 2517 1616 2560 esse
1652 2497 1859 2559 decla-

159 2601 340 2662 ravit.
373 2596 610 2656 Contra
643 2589 854 2650 Gallos
887 2587 1074 2649 etiam
1106 2586 1353 2669 quoties
1388 2607 1559 2644 arma
1575 2590 1855 2669 sumpsit,

1580 2678 1763 2735 toties

233 2873 294 2948 a)
331 2866 608 2924 Oliverius
641 2865 828 2920 Vredi.
865 2867 963 2921 ubi
1013 2866 1322 2920 ostenditur
1354 2867 1438 2938 jus
1490 2866 1733 2939 Philippi
1772 2866 1860 2919 IV.

315 2944 510 2996 Joann.
544 2937 750 3020 δξιεοΙ).ἢ
782 2938 1097 2992 Chiffletius
1117 2970 1149 2980 -
1174 2938 1452 2992 Vindiciae
1507 2937 1855 3010 Hispanicae.

317 3007 1184 3154 ἒεῐέἓῖἓῖιξιῗῖἰεῗαξιῗοοαῦὲοξῖἓέἦῖ
1193 3009 1602 3137 affisablgiflslsitgriiss
1628 3009 1863 3135 {2931‘3‘
