1940 3672
463 138 1197 214 Portzcgalloram.
1552 137 1630 195 49

35 347 203 383 mum
254 337 456 383 autem
515 320 689 401 regni
746 318 995 377 initium
1077 317 1267 378 sumit
1318 314 1397 374 ab
1454 337 1547 374 an.
1601 312 1710 374 Ch.

42 415 223 473 1159.
258 434 385 494 quo
426 429 586 468 anno
641 407 1000 480 Alphonsiis
1047 417 1224 463 antea
1290 405 1472 478 DUX,
1523 402 1715 462 relata

38 500 115 559 de
156 499 386 557 Mauris
433 494 726 566 victoria,
767 492 845 550 ab
883 495 1164 552 exercitu
1211 495 1403 570 Regis
1457 495 1709 549 ticulum

30 591 283 664 accepit.
315 583 415 641 Ab
450 579 565 640 hoc
600 593 878 662 tempore
900 595 1022 639 tres
1057 583 1425 663 praecipuae
1464 577 1712 638 Periodi

27 677 96 732 in
147 673 419 732 Historia
456 668 870 750 Portugalliae
927 681 1251 727 notantur:
1315 670 1361 727 Ι.
1418 665 1711 749 periodus

31 754 499 841 comprehendit
533 770 759 815 statum
797 759 975 837 regni
1024 755 1139 815 sub
1186 757 1461 838 propriis
1522 755 1712 835 Regi-

26 847 138 905 bus
184 867 259 904 ex
306 843 543 903 familia
587 845 898 919 Alphozzsi
932 843 1280 902 immediate
1337 865 1450 925 per
1487 842 1713 900 lineam

30 932 433 993 masculinam
473 931 643 991 ortis,
677 934 754 999 II,
781 931 897 990 sub
930 933 1200 1014 Imperio
1232 931 1563 1013 Hispaniae
1596 928 1712 989 sub

31 1021 228 1081 tribus
262 1022 590 1095 Philippis.
641 1021 749 1079 III.
794 1019 925 1078 Sub
970 1020 1239 1101 propriis
1266 1021 1491 1077 iterum
1524 1020 1714 1099 Regi-

28 1110 139 1169 bus
171 1130 203 1166 e
242 1113 445 1167 Domo
464 1110 879 1166 Brabcmtioa.
921 1106 1050 1165 Sub
1092 1109 1409 1183 Aiplzonso
1460 1106 1569 1165 ΙΙΙ.
1617 1108 1718 1164 ac-

32 1198 211 1257 cessit
249 1196 657 1277 Portugalliae
698 1198 887 1255 etiam
921 1215 1183 1277 regnum
1211 1194 1545 1276 Algarbiae
1564 1195 1713 1251 titu-

27 1285 86 1344 lo
134 1287 375 1350 uxorio,
417 1284 548 1342 Sub
587 1287 929 1342 Emcmziele
965 1305 1117 1343 vero
1157 1283 1326 1365 Rege
1352 1280 1611 1342 Brasilia
1649 1283 1713 1338 in

33 1376 319 1432 America
373 1370 651 1445 detecta,
706 1394 848 1431 cum
915 1370 1288 1454 amplissimo
1340 1370 1715 1430 commercio

31 1463 216 1519 etiam
257 1461 566 1520 Lusitanis
603 1463 814 1534 cessit,
859 1460 977 1519 sub
1014 1481 1141 1541 quo
1172 1458 1249 1517 ad
1281 1480 1590 1518 summum
1626 1455 1716 1514 fe-

27 1549 273 1609 licitatis
322 1546 585 1630 gradum
636 1563 845 1608 evecta
904 1545 1022 1608 fuit
1070 1547 1487 1629 portugallia,
1539 1542 1711 1625 cujus

28 1637 393 1718 Metropolis
431 1650 521 1696 est
569 1639 945 1713 Uiyssipona
981 1657 1087 1695 seu
1134 1637 1451 1693 Lisabona
1484 1632 1715 1692 habens

32 1728 383 1808 emporium
423 1724 879 1784 nobilissimum
924 1723 1159 1783 divitiis
1201 1722 1490 1795 affluens,
1545 1742 1710 1779 mei·-

25 1816 194 1872 cinm
239 1815 711 1895 peregrinarum
767 1810 1050 1888 celehre3
1098 1825 1311 1895 portas
1373 1811 1548 1871 urbis
1607 1811 1706 1870 58.

25 1902 256 1960 Turres
374 1922 701 1959 murorum
797 1905 894 1960 77.
981 1902 1308 1959 Paroeciae
1444 1900 1542 1960 25.
1645 1910 1710 1956 et

26 1990 354 2071 complura
414 1988 870 2049 'Monachorum
912 1987 1189 2047 Claustra
1247 1979 1468 2065 habet3
1548 1985 1700 2046 aliae

23 2077 208 2136 urbes
254 2090 397 2135 sunt
436 2079 686 2149 Evorci,
727 2080 969 2156 Begia,
1015 2078 1426 2155 Caetobriga,
1479 2078 1709 2135 Casca-

27 2169 143 2237 lae,
168 2167 523 2237 Bethleem,
572 2168 830 2239 Leiria,
886 2167 1130 2239 Tomar,
1173 2169 1452 2239 Gciarcla,
1511 2167 1704 2236 Oeace,

36 2255 319 2312 Coimbra
339 2298 353 2326 ‚
390 2256 459 2310 V
452 2257 575 2311 iseo
593 2299 608 2327 ‚
635 2255 825 2312 Ponte
864 2256 936 2310 V
925 2276 1089 2330 ociga
1108 2298 1124 2328 ‚
1146 2256 1378 2330 Braga
1404 2265 1514 2311 etc,
1562 2251 1709 2309 Flu-

24 2345 191 2400 mina
232 2354 406 2399 sunt:
455 2342 634 2399 Anas
678 2364 785 2402 seu
831 2344 1195 2416 Gccccclicmci,
1246 2345 1473 2420 TagaS‚
1522 2343 1707 2398 Morz-

28 2435 250 2507 clegzw,
294 2432 542 2487 Darius
568 2475 583 2504 ,
628 2431 888 2503 stIizzizm,
907 2444 1121 2512 portus
1157 2432 1418 2488 Setabccl
1441 2428 1716 2488 celebra-

24 2530 163 2592 tur3
210 2520 456 2575 llffontes
493 2519 672 2599 pauci
704 2519 1074 2601 plerumque
1103 2520 1460 2579 nemoribus
1506 2521 1709 2577 consi-

28 2607 106 2678 ti,
143 2607 207 2663 in
246 2603 429 2664 Silvis
466 2607 782 2688 Principes
818 2609 1033 2665 venari
1073 2607 1285 2666 solent.
1320 2607 1479 2665 Sunt
1516 2605 1614 2664 hic
1645 2617 1708 2662 et

32 2692 414 2751 Academiae.
452 2695 810 2753 Generatim
830 2695 1165 2775 Portugalli
1184 2709 1330 2753 sunt
1344 2693 1552 2768 fortes,
1600 2714 1707 2752 vc-

21 2778 183 2839 loces
210 2825 224 2852 ,
272 2780 456 2860 agiles
479 2825 495 2853 ‚
534 2780 763 2841 laboris
799 2784 1263 2862 patientissimi,
1301 2782 1377 2839 de
1411 2803 1471 2841 se
1510 2798 1570 2840 et
1603 2802 1702 2837 re-

27 2867 141 2927 bus
179 2869 299 2925 suis
341 2868 665 2949 magnifice
689 2872 978 2946 sentiunt,
1025 2872 1116 2928 rei
1134 2869 1368 2928 navalis
1403 2871 1702 2952 peritissi-

31 2958 148 3026 mi,
183 2957 564 3016 commerciis
597 2954 894 3017 ditissimi.
943 2993 1025 3002 --
1058 2959 1344 3038 Regnum
1380 2956 1708 3041 Algarbiae

832 3050 874 3101 (l
1521 3065 1632 3104 no-
