1940 3672
576 192 1215 266 Hungarorum.
1577 179 1700 240 415

108 368 415 430 entiarum
454 366 516 423 in
552 364 933 445 Hungariam
968 361 1133 422 illata
1167 372 1312 421 sunt
1334 400 1352 432 ‚
1411 361 1472 416 S.
1523 359 1794 435 Stepha-

106 480 221 516 nus
239 469 444 515 autem
484 474 676 534 quum
698 451 1094 511 intellexisset
1126 471 1204 510 ex
1236 461 1594 509 exterorum
1628 468 1796 505 com-

107 545 341 603 mercio
379 543 672 600 Latinum
705 539 1069 598 Sermonem
1120 535 1284 620 apud
1342 554 1554 597 omnes
1608 532 1797 593 Chri-

102 634 333 691 stianos
379 641 439 689 et
476 625 766 686 Eruditos
803 647 1199 686 communem
1246 645 1406 699 esse,
1472 621 1611 683 ideo
1650 643 1792 681 eum

107 719 422 801 Hungaris
456 737 709 798 quoque
749 714 1114 773 familiarem
1160 734 1288 773 esse
1335 710 1571 785 voluit,
1607 723 1797 793 prout

112 807 293 867 brevi
326 803 401 863 ad
447 826 590 863 eum
627 803 903 862 culturae
927 799 1186 884 gradum
1219 812 1684 882 pervenerunt,
1727 809 1798 854 ut

114 896 177 953 in
216 893 480 977 publicis
528 891 986 974 Magistratibus
1043 910 1112 947 ac
1168 886 1679 970 Legislationibus
1729 886 1797 942 in

109 979 272 1040 hunc
299 1002 494 1063 usque
525 978 695 1039 diem,
722 992 1066 1039 uterentur.
1114 975 1288 1035 Idem
1327 997 1441 1036 rex
1499 976 1700 1034 Albae
1739 985 1801 1032 et

116 1072 452 1127 Csanaclini
492 1065 742 1126 Scholas
775 1065 1051 1150 publicas
1097 1066 1380 1146 aperuit,
1424 1085 1648 1122 munus
1687 1059 1799 1119 do-

111 1157 291 1218 cendi
340 1158 664 1216 Canonicis
701 1157 1054 1237 imponens,
1095 1166 1167 1211 ut
1190 1150 1444 1234 juvenes
1477 1151 1800 1209 Gramma-

112 1248 289 1320 ticae,
329 1260 391 1306 et
409 1245 681 1305 Musicae
704 1245 975 1303 scientiis
1011 1238 1419 1300 informarent
1440 1286 1455 1314 ,
1479 1240 1590 1321 qui
1613 1240 1798 1298 etiam

113 1334 290 1394 brevi
324 1336 388 1392 in
411 1333 647 1392 artibus
665 1353 789 1390 non
823 1328 1225 1390 mediocriter
1250 1327 1666 1412 profecerunt.
1687 1327 1805 1385 Ce-

109 1422 481 1482 leberrimus
538 1421 832 1502 Magister
875 1418 1220 1477 Canonicus
1285 1415 1613 1475 Csanadini
1668 1427 1804 1473 erat

117 1513 419 1569 Valterzcs
445 1553 459 1581 ,
501 1507 700 1567 Albae
743 1510 1104 1579 Henricch,
1145 1503 1316 1586 quod
1358 1507 1565 1587 ipsum
1619 1515 1683 1562 et
1737 1503 1803 1559 in

113 1598 246 1658 aliis
300 1595 772 1680 Episcopatibus
819 1609 881 1655 et
938 1595 1330 1655 Monasteriis
1379 1592 1802 1652 observamus.

114 1689 208 1748 Ex
242 1686 471 1769 quibus
508 1696 678 1768 patet
709 1684 1038 1766 Hungaros
1088 1679 1204 1762 jam
1246 1681 1398 1740 olim
1436 1681 1502 1738 in
1557 1679 1802 1739 Latini-

118 1788 241 1835 tate
275 1775 632 1846 eminuisse,
681 1769 990 1853 hodieque
1033 1771 1339 1844 eminent3
1385 1765 1806 1850 nam'‚Diplo-

114 1864 335 1922 matica
365 1862 576 1943 lingua
621 1858 783 1943 apud
829 1859 1159 1942 Hungaros
1197 1870 1286 1917 est
1309 1857 1540 1917 Latina.
1589 1855 1647 1914 A
1671 1876 1802 1937 quo

116 1964 400 2033 tempore
439 1952 600 2009 sicut
635 1950 751 2031 ipsi
795 1969 972 2030 reges
998 1992 1015 2022 ,
1061 1947 1144 2006 ita
1164 1948 1348 2007 etiam
1380 1944 1562 2005 multi
1584 1963 1805 2027 proce*

115 2061 260 2099 rum
298 2039 363 2096 in
406 2037 679 2099 scientiis
714 2037 1039 2119 insigniter
1073 2048 1252 2095 erant
1275 2033 1525 2106 exculti,
1560 2045 1630 2091 ut
1675 2034 1806 2114 ipsa

114 2128 324 2209 legum
356 2147 509 2209 quas
540 2123 955 2186 condiderunt
974 2125 1271 2206 sapientia
1290 2122 1486 2183 docet.
1508 2116 1628 2181 Per
1651 2122 1806 2179 Tar-

116 2227 398 2274 tarorum
429 2214 810 2274 incursiones
856 2210 1112 2295 quidem
1150 2233 1335 2272 omne
1397 2210 1582 2271 decus
1630 2209 1804 2268 Lite-⁴

116 2325 329 2363 rarum
371 2316 435 2364 et
466 2304 695 2362 artium
716 2301 1016 2362 abolitum
1043 2312 1175 2362 erat
1200 2345 1215 2376 ,
1248 2321 1473 2361 verum
1509 2296 1805 2358 successi-

116 2413 197 2452 ve
232 2389 433 2451 studia
470 2391 827 2452 Literarum
862 2402 1204 2451 restaurata
1238 2401 1385 2448 sunt
1423 2388 1651 2469 partim
1678 2385 1807 2445 Re*

116 2501 301 2562 gum,
348 2481 580 2562 partim
618 2477 1014 2561 Synodorum
1046 2478 1336 2538 Statutis:
1392 2477 1460 2556 a)
1510 2496 1653 2534 nam
1691 2472 1808 2533 sub

119 2571 429 2627 Ladislao
458 2567 568 2628 IV.
600 2569 664 2627 in
700 2567 951 2649 Synodo
974 2565 1241 2628 Budensi
1273 2563 1686 2625 statuebatur:
1733 2574 1808 2620 ut

122 2654 320 2716 Archi
365 2657 626 2719 Diaconi
667 2654 788 2738 juri
825 2657 1137 2716 Canonico
1170 2675 1284 2736 per
1304 2654 1646 2713 triennium
1680 2662 1810 2708 stu-

124 2742 341 2821 deant,
386 2766 654 2826 cumque
685 2743 850 2804 soliti
889 2757 1088 2804 essent
1115 2741 1435 2802 literarum
1478 2759 1652 2799 causa
1688 2737 1809 2796 Bo-

123 2834 409 2909 noniam,
454 2833 737 2907 Romam,
781 2833 1077 2908 Parisios,
1100 2830 1466 2891 Cracoviam
1501 2828 1673 2891 exire
1700 2825 1811 2884 Pas

1562 2929 1720 2975 triae

205 3110 281 3182 a)
321 3111 518 3166 Peterfi
550 3098 764 3166 Concils
793 3111 972 3180 Hung.
1005 3109 1062 3163 Ρ.
1103 3107 1149 3163 1.
1208 3126 1258 3180 p.
1302 3104 1417 3160 115.
