1940 3672
196 87 319 147 264
766 88 1187 145 Ilis'toria

116 257 602 337 terodamensis‚
651 261 717 340 a)
765 284 955 343 quem
1009 263 1236 345 conjux
1280 261 1443 322 ultra
1496 261 1818 321 biennium

117 348 181 407 in
219 368 359 408 arce
400 353 926 408 Lovensteitziamz
956 349 1296 426 detentum,
1335 363 1468 410 astu
1508 351 1817 411 inclusum

118 436 306 496 cistae
361 434 499 496 loco
533 436 843 498 librorum
867 443 1185 521 exportari
1228 442 1505 499 Gorcum
1539 441 1818 516 curavit3

123 525 238 605 qui
266 523 682 607 Antverpiam
710 527 962 586 veniens
998 526 1204 588 literas
1245 528 1319 588 ad
1355 527 1602 587 ordines
1621 529 1819 609 scrip÷
1928 542 1935 581 'i

132 614 250 670 sit:
314 634 377 671 se
431 613 865 673 liberationem
923 618 1292 696 quaesivisse
1352 630 1414 677 et
1468 617 1813 689 invenisse,

128 698 468 781 fecisseque
500 701 670 782 quod
704 722 914 762 omnes
953 719 1271 767 creaturae
1319 706 1519 765 facere
1561 723 1820 762 consve-

129 801 393 861 verunt‚
443 790 506 845 in
542 803 861 872 postenum
898 813 960 850 se
1014 790 1302 853 adversus
1349 813 1451 854 eos
1488 790 1644 850 nihil
1686 802 1822 850 ten-

134 877 1072 940 taturum.CeterumMazcritias
1097 895 1475 962 praetensam
1503 876 1823 961 Synodum

130 962 508 1023 nationalem
561 968 745 1027 1618.
792 971 1162 1032 convocavit
1201 971 1672 1039 Dordreclzzcm,
1710 965 1820 1025 ubi

138 1064 278 1133 post
347 1055 773 1132 gravissimam
841 1056 1352 1118 deliberationem
1420 1057 1823 1115 Arminianos

134 1154 450 1220 tamquam
493 1164 530 1199 a
562 1144 760 1204 verbo
809 1146 924 1205 Dei
963 1144 1213 1217 alienOS,
1260 1146 1561 1206 Ecclesiae
1596 1143 1826 1203 Christi

130 1227 455 1309 pestiferos
508 1252 636 1291 esse
684 1234 1075 1294 invenerunt.
1123 1233 1421 1317 Theologi
1463 1235 1822 1292 Arminiani

133 1318 343 1391 citati,
385 1316 614 1395 auditi,
661 1324 968 1396 convicti,
1014 1334 1076 1382 et
1117 1320 1388 1382 damnati
1437 1323 1515 1380 ab
1546 1321 1826 1381 Ecclesiis

127 1405 362 1465 exclusi
402 1420 560 1467 sunt.
652 1408 876 1470 Versio
913 1409 1264 1470 Biblio-ruin
1300 1412 1651 1492 inlingvam
1690 1409 1826 1469 Bel-

132 1497 331 1573 gicam
367 1498 554 1556 certis
585 1495 915 1580 Theologis
953 1497 1334 1574 demandata,
1384 1514 1446 1560 et
1476 1498 1592 1556 alia
1630 1497 1822 1556 multa

125 1585 460 1654 constituta
507 1598 672 1642 sunt.
720 1586 1016 1646 Ceterum
1057 1586 1316 1668 gliscens
1349 1609 1529 1646 causa
1570 1585 1825 1666 religio-

125 1672 217 1729 nis
261 1669 481 1732 seditio
519 1671 809 1755 deinceps
838 1678 1022 1733 etiam
1061 1673 1328 1733 multum
1368 1674 1660 1734 turbabat
1695 1676 1824 1732 rei-

121 1759 403 1841 publicae
456 1773 702 1819 statum.
816 1762 1021 1822 Hodie
1087 1764 1152 1819 in
1221 1762 1440 1845 Belgio
1498 1761 1826 1820 dominans

127 1847 346 1929 religio
382 1860 474 1908 est
504 1847 880 1910 Reform-ata.
974 1850 1131 1908 Sunt
1193 1850 1450 1931 quidem
1485 1852 1671 1910 etiam
1713 1851 1828 1907 Ca-

125 1934 372 2011 tholici,
438 1950 498 1996 et
551 1936 813 1998 aliarum
859 1939 1235 2022 religionum
1296 1941 1676 2013 sectatores,
1718 1938 1827 2019 qui

126 2039 330 2085 tamen
371 2023 447 2083 acl
494 2024 660 2084 nulla
708 2028 1087 2111 reipublicae
1130 2029 1327 2088 officia
1388 2027 1828 2111 applicantur,

128 2112 233 2174 sed
265 2114 376 2175 soli
421 2113 788 2176 Reformati.
835 2118 897 2197 b)
1593 2201 1625 2280 ᾗ
1684 2201 1717 2220 Ρ

1628 2244 1644 2258 -.
1683 2221 1740 2260 o.

199 2372 278 2444 a)
315 2373 578 2425 Calvisius
627 2374 685 2424 in
735 2369 995 2424 Chronol.
1037 2366 1214 2423 Math»
1260 2364 1538 2427 Mariana,
1578 2375 1631 2416 et
1666 2363 1822 2440 Joan.

286 2443 487 2513 Plnlip..
520 2444 780 2497 Ahelinus
815 2444 872 2493 iu
915 2441 1159 2491 Theatro
1193 2436 1462 2507 Europae.
1535 2433 1610 2505 b)
1669 2433 1823 2484 Reh-

297 2514 477 2580 :gioms
510 2524 710 2566 statum
743 2517 797 2565 in
824 2512 1006 2580 Belgio
1041 2510 1445 2578 descripserunt
1472 2506 1635 2557 etiam
1660 2503 1822 2580 Hugo

282 2582 508 2636 Grotius
553 2585 652 2636 sub
703 2582 909 2635 titulo.-
960 2583 1135 2633 Pietas
1184 2578 1442 2629 ordinum
1492 2572 1819 2649 Hollandiae

284 2652 438 2706 1613.
473 2655 532 2706 in
569 2654 622 2709 4.
661 2657 799 2706 Item
841 2654 1131 2703 Decretum
1179 2649 1454 2701 Ordinum
1494 2641 1818 2698 Hollandiae

282 2734 472 2776 contra
491 2724 736 2777 libellum
753 2723 1002 2775 Luberti.
1026 2719 1276 2789 Lugduni
1294 2720 1636 2770 Batavorum.
1662 2710 1820 2769 1614.

278 2796 335 2847 in
372 2794 421 2847 4.
455 2794 647 2847 Joann.
682 2792 1039 2862 Vitebogardi
1078 2809 1231 2861 opus.
1272 2787 1628 2840 Roterodami
1653 2781 1824 2863 01614.

274 2866 332 2917 in
383 2865 437 2920 4.
477 2865 620 2919 Festi
667 2866 931 2916 Hommii.
984 2861 1273 2931 Specimen
1313 2860 1825 2909 Controversiarum

270 2936 612 3004 Belgioarum
647 2934 865 3005 Leydae
904 2931 1052 2986 1618.
1094 2933 1151 2982 in
1199 2929 1468 3001 Friderici
1519 2927 1584 2978 de
1650 2925 1832 2975 Vives,

277 3004 522 3061 Historia
556 3006 930 3060 Eeelesiast-ica
953 3023 1010 3056 in
1045 3002 1249 3071 Belgio„
1288 2998 1424 3057 ibid.
1467 2999 1535 3052 Et
1565 2997 1698 3049 Acta
1724 2995 1836 3063 Sy-
