1940 3672
279 157 403 224 292
837 158 1288 216 Historia

185 356 336 399 vera
374 335 634 418 Equites
671 330 925 393 Ordinis
967 329 1290 394 Teutonici
1326 354 1357 390 a
1394 330 1648 390 militari
1688 329 1875 389 disci—-

184 426 353 511 plina
386 425 572 497 clari,
631 421 986 504 gravissima
1020 421 1177 481 bella
1200 443 1340 481 curn
1369 419 1637 495 Polonis‚
1658 420 1874 502 impri-

182 517 301 574 mis
328 535 472 573 cum
515 512 842 570 Ulaclislao
864 510 1183 586 Jagellone
1205 523 1555 592 gesserunt:
1621 507 1873 566 tandem

185 616 326 687 post
371 614 614 660 mutuas
653 598 985 678 regionum
1031 596 1511 670 devastationes,
1569 596 1874 655 cruentis-

184 692 354 751 simis
389 686 670 747 cladibus
706 684 882 760 fessi‚
928 684 1144 745 Poloni
1180 699 1242 746 et
1261 686 1579 768 Crucigeri
1613 706 1876 765 regnan-

187 793 246 839 te
295 779 601 836 Casimiro
635 777 756 831 IV.
792 771 1083 833 Poloniae
1101 795 1245 855 rege
1266 772 1510 833 tandem
1547 795 1760 857 pacem
1785 772 1872 829 fe-

182 879 406 927 cerunt
436 862 531 924 his
564 859 1056 924 conditionibus:
1106 876 1176 920 ut
1215 862 1499 921 Borussia
1554 858 1874 921 dividatur

187 957 250 1014 in
298 957 611 1013 Duc-alem
642 963 704 1009 et
741 952 1042 1027 Regiam,
1093 969 1162 1007 ac
1207 965 1381 1032 parte
1415 950 1712 1009 ulteriore
1758 969 1866 1007 seu

182 1042 402 1104 Ducali
436 1039 787 1120 Crucigeris
822 1058 1102 1097 concessa
1123 1080 1138 1107 ,
1181 1039 1310 1118 ipse
1333 1037 1567 1097 ordinis
1593 1057 1864 1096 summus

184 1132 488 1213 Magister
511 1141 666 1189 esset
702 1126 900 1208 Regni
936 1124 1228 1186 Poloniae
1274 1125 1741 1201 beneficiarius3
1781 1137 1875 1182 at·-

185 1241 310 1302 que
376 1220 462 1277 sic
530 1216 872 1300 Imperium
938 1215 1244 1296 Equitum
1315 1212 1549 1273 ordinis
1634 1214 1876 1274 Teuto-

183 1310 311 1368 nici
353 1307 413 1367 in
466 1305 751 1366 Borussia
790 1302 1043 1362 duravit
1099 1303 1240 1361 500.
1287 1323 1478 1361 armos
1531 1326 1757 1385 nempe
1792 1301 1871 1360 ab

184 1419 239 1455 a.
298 1396 484 1457 1225.
535 1393 684 1452 dum
731 1392 968 1474 primus
1024 1390 1317 1471 Magister
1366 1404 1500 1449 erat
1555 1394 1874 1449 Hearicas

270 1488 498 1562 hipot,
545 1502 742 1564 usque
782 1478 856 1537 ad
942 1501 1171 1537 annum
1224 1481 1407 1537 1525.
1466 1502 1660 1560 quum
1729 1479 1873 1537 ulti-

181 1595 318 1633 mus
348 1574 610 1652 Magnus
650 1569 945 1649 Magister
984 1565 1219 1626 ordinis
1244 1567 1566 1626 Teutonici
1604 1566 1721 1626 fuit
1757 1569 1873 1624 Al-

179 1663 395 1721 bertus
417 1657 698 1719 Marchio
731 1655 911 1715 simul
932 1653 1537 1733 Brandenburgicus3
1585 1657 1743 1736 quia
1766 1657 1876 1714 Po-

179 1749 380 1810 loniae
419 1769 566 1828 rege
599 1748 996 1823 Sigismmzclo
1045 1742 1095 1799 I.
1142 1743 1283 1800 Dux
1333 1741 1654 1803 Borussiae
1702 1764 1875 1803 crea-

183 1853 280 1899 tus
313 1849 403 1899 est
436 1849 504 1894 ut
530 1833 823 1894 secularis
855 1829 977 1914 jam
1001 1832 1287 1913 princeps
1311 1850 1377 1888 ea
1409 1830 1541 1912 lege
1568 1852 1579 1888 ε
1629 1845 1699 1889 ut
1734 1855 1876 1914 par-

177 1942 305 1988 tem
321 1927 641 1986 Borussiae
668 1924 729 1980 in
756 1919 981 1978 ducatu
1015 1919 1459 2000 Kinsbergensi
1493 1940 1636 1977 cum
1667 1935 1878 2002 poste—

175 2020 264 2076 ris
279 2018 403 2076 suis
420 2012 692 2094 legitime
715 2008 1215 2090 susceptis‘‚etia1n
1236 2008 1297 2063 in
1320 2022 1481 2066 terra
1503 2007 1751 2067 Sambia
1776 2030 1873 2067 re-

180 2115 399 2186 gnaret
437 2100 623 2160 titulo
674 2098 1027 2168 fiduciario,
1077 2110 1138 2154 et
1161 2098 1208 2152 si
1248 2095 1446 2154 virilis
1479 2117 1662 2156 sexus
1693 2096 1875 2155 liberi

173 2194 455 2256 deessent
479 2236 496 2266 ,
547 2203 712 2248 totus
749 2188 1017 2245 Ducatus
1051 2184 1097 2240 F
1102 2182 1302 2242 eudali
1327 2182 1465 2265 jure
1494 2183 1570 2242 ad
1608 2205 1875 2265 reguum

178 2283 469 2343 Poloniae
512 2276 974 2337 devolveretur.
1023 2270 1092 2349 α)
1131 2277 1345 2353 Atque
1368 2273 1445 2331 ab
1491 2269 1606 2330 hoc
1637 2287 1876 2356 tempo-

175 2395 246 2431 re
293 2366 579 2429 Borussia
615 2367 679 2422 in
726 2361 872 2420 duas
903 2375 1110 2444 partes
1133 2359 1329 2418 divisa
1345 2374 1469 2434 est,
1503 2382 1767 2441 quarum
1786 2362 1876 2419 ci»
1939 2380 1940 2385 ¹

176 2461 374 2519 terior
420 2468 679 2514 vocatur
713 2452 1029 2509 Berussicz
1069 2451 1361 2506 Polmziae
1421 2468 1527 2506 seu
1575 2452 1875 2523 Regalis-3

173 2548 439 2608 ulterior
469 2564 621 2601 vero
660 2542 970 2599 Bet-assia
992 2540 1264 2594 Dae-alis
1288 2559 1393 2595 seu
1416 2537 1876 2594 Bramlenlmr-

163 2641 335 2714 gica.
383 2633 628 2711 Hicque
686 2629 904 2710 incipit
949 2627 1054 2684 ΙΙΙ.
1103 2623 1383 2707 Epocha‚
1448 2638 1638 2705 prout
1684 2637 1872 2683 status

169 2724 491 2785 Borussiae
522 2719 638 2776 sub
686 2715 964 2776 Ducibus
985 2712 1448 2774 consideratur:
1487 2713 1705 2793 quales
1742 2711 1869 2770 du-

166 2835 265 2874 ces
302 2810 446 2872 inde
489 2807 565 2865 ab
615 2830 709 2865 an.
783 2803 965 2868 1525,
1030 2824 1226 2884 usque
1275 2799 1350 2859 ad
1399 2823 1630 2858 anuum
1684 2802 1869 2868 1688,

243 2979 303 3052 a)
341 2978 418 3030 M.
456 2977 747 3031 Cromerus
787 2978 841 3028 iu
878 2974 1123 3027 oratione
1164 2972 1403 3039 Funebri
1457 2971 1794 3042 Sigismundi
1832 2973 1874 3026 1.
1927 3022 1933 3039 ‹

308 3048 565 3100 Salomon
600 3048 818 3115 Neigeb.
865 3046 1002 3097 Hist.
1047 3045 1333 3096 Polouicac
1366 3045 1426 3096 L.
1470 3042 1516 3095 7.
1555 3052 1608 3094 et
1645 3039 1695 3094 8.
1726 3041 1868 3094 Slei-

311 3118 483 3170 danus
516 3121 583 3176 L.
608 3119 655 3171 5.
710 3118 975 3173 Thuauus
1010 3114 1070 3167 L.
1109 3112 1154 3167 1.
