1940 3672
702 130 1147 220 Danssoram.
1572 140 1702 194 217

127 324 324 408 gloria
375 318 647 381 confecit.
715 314 835 373 Hic
871 316 1230 375 Literarum
1272 328 1335 376 et
1379 316 1802 376 Literatorum

126 411 565 472 amantissimus
605 402 834 461 Fautor
879 403 1016 462 Rex
1053 402 1213 462 obiit
1260 405 1442 464 1588.
1491 404 1573 483 a)

299 491 589 555 XXVIII.
671 492 1063 549 Christianus
1123 495 1241 550 IV.
1322 493 1638 549 Fridericz‘
1712 493 1801 549 II.

126 585 282 645 filius
317 584 433 640 tria
463 577 865 638 celeberrima
900 581 1083 660 gessit
1124 580 1282 638 belia
1308 626 1322 653 ,
1365 580 1457 638 uti
1486 581 1802 637 Szaeeoioam

126 693 264 730 cum
312 670 532 725 Carolo
565 668 682 724 IX.
732 688 915 748 rege,
967 690 1095 749 quo
1136 668 1467 742 Calmaria‚
1510 666 1806 726 Elsobur-

127 778 274 838 gum
320 754 560 836 aliaque
585 753 838 814 Sveciae
864 754 994 813 loca
1027 758 1432 815 munitissima
1459 768 1809 838 expugnata

126 847 189 902 in
222 845 543 901 Danorum
589 854 897 900 venerunt
938 857 1336 924 potestatem,
1404 865 1565 925 quae
1604 857 1812 902 tamen

127 951 275 1013 pace
317 932 672 988 Siodorensi
704 930 888 991 1615.
914 952 1029 1013 pro
1063 933 1296 1012 ingenti
1321 934 1611 1011 pecuniae
1635 953 1809 989 sum-

123 1041 220 1077 ma
264 1020 542 1077 restituta
575 1030 716 1076 sunt
744 1018 968 1078 Svecis.
1060 1018 1500 1077 Brevibellum
1554 1022 1810 1076 Germa—

120 1110 326 1164 nicam
364 1107 574 1189 erupit
620 1106 803 1167 1625.
862 1108 1156 1189 quoniam
1216 1106 1516 1166 Saxoniae
1568 1108 1809 1165 Princi-

117 1216 224 1277 pes
243 1195 672 1253 Protestantes
694 1194 773 1252 ab
808 1199 1192 1277 Imperatore
1216 1197 1406 1276 pressi
1435 1192 1655 1253 ducem
1686 1194 1805 1251 sibi

131 1284 558 1341 Christianam
613 1284 733 1342 IV.
781 1282 1134 1364 elegissent3
1189 1280 1292 1341 sed
1340 1284 1571 1363 ingenti
1642 1280 1810 1341 clade

120 1369 197 1428 ad
234 1373 544 1429 Lutream
601 1382 889 1452 accepta,
949 1391 1164 1454 pacem
1219 1391 1361 1428 cum
1426 1370 1811 1453 Imperatore

120 1460 406 1517 Lzabecae
450 1458 632 1520 1629.
681 1460 898 1533 inivit,
949 1480 1072 1540 qua
1106 1460 1313 1517 omnia
1364 1472 1506 1518 ante
1550 1454 1656 1515 hac
1711 1478 1814 1515 oc·-

121 1560 340 1629 cupata
395 1549 647 1630 utrique
687 1546 1184 1606 restituebantur.
1249 1547 1533 1605 Tertium
1582 1544 1815 1604 bellum

123 1636 306 1717 gessit
359 1637 584 1694 iterum
609 1655 753 1694 cum
807 1637 1015 1693 Svecis
1052 1639 1162 1717 qui
1217 1633 1366 1692 dum
1429 1634 1613 1695 1645.
1652 1633 1814 1692 Ger-

120 1726 388 1782 maniam
433 1721 737 1782 hostiliter
779 1722 1226 1797 devastassent,
1276 1726 1458 1782 etiam
1490 1724 1553 1780 in
1590 1720 1812 1779 Holsa-

122 1813 268 1870 tiam
311 1826 373 1871 et
396 1810 767 1871 Jutlandiam
800 1811 1005 1870 subito
1050 1813 1464 1895 irruptionem
1492 1809 1815 1884 fecerunt3

125 1921 252 1981 quo
308 1901 656 1959 tristissimo
705 1900 869 1960 bello
912 1898 1042 1960 fere
1085 1904 1365 1983 peritura
1405 1913 1538 1960 erat
1578 1899 1771 1956 Dania
1797 1944 1814 1972 ,

121 1989 237 2046 nisi
281 1990 688 2069 imperterriti
749 1990 910 2069 regis
950 1992 1290 2048 constantia
1342 2011 1475 2049 rem
1511 1988 1811 2048 restituis-

122 2090 213 2136 set
245 2098 393 2159 pace
436 2079 887 2135 Bromsebrocze
930 2077 1079 2134 inita
1155 2076 1339 2137 1645.
1391 2100 1461 2137 ea
1505 2074 1815 2135 conditio-

123 2187 200 2223 ne
239 2179 309 2223 ut
345 2167 638 2222 semeiam
679 2180 742 2226 et
799 2167 1089 2224 Oisiliam
1139 2167 1346 2225 Svecis
1392 2167 1816 2247 resignarent,

131 2254 514 2311 Gothlcmclia
570 2275 722 2312 vero
771 2256 834 2312 in
888 2256 985 2314 50.
1055 2276 1245 2314 annos
1296 2254 1510 2314 iisdem
1567 2255 1816 2335 pignori

128 2340 400 2400 daretur.
492 2341 703 2424 Atque
748 2345 832 2403 sic
872 2343 1009 2402 Rex
1052 2343 1193 2403 licet
1229 2343 1391 2404 bello
1440 2342 1690 2416 infelix,
1734 2341 1815 2399 ob

124 2431 393 2513 insignes
448 2445 652 2490 tamen
692 2433 883 2490 animi
919 2430 1126 2508 doteS,
1175 2436 1336 2492 inter
1365 2434 1669 2491 maximos
1714 2450 1815 2487 re·-

131 2539 235 2600 ges
290 2519 712 2579 numerandus
790 2523 973 2584 1648.
1033 2534 1313 2582 mortuus
1386 2534 1506 2594 est,
1569 2518 1817 2602 imperii

127 2629 292 2665 anno
339 2609 435 2668 60.

1493 2766 1728 2828 ΧΧΙΧ.

191 2958 262 3022 α)
302 2954 533 3005 Joannes
587 2953 914 3024 Svaningius
960 2957 1325 3029 Chronologia
1364 2956 1582 3024 Danica,
1607 2955 1672 3009 de
1692 2954 1815 3009 ‚bel-

285 3025 340 3077 lo
377 3025 704 3080 Ditmarsico
741 3025 892 3080 1559.
923 3028 1232 3082 commisso·
