1940 3672
239 171 242 174 ⁴
311 167 433 226 258
861 169 1296 227 Historia

223 345 567 403 Svecorum
603 340 807 401 denuo
846 344 1303 426 interciperent.
1363 346 1620 404 Carolus
1654 346 1903 406 interim

220 436 285 492 in
318 433 668 489 Turcorum
700 430 914 489 Castro
941 434 1220 490 Oczakov
1238 431 1544 515 refugium
1578 456 1902 515 quaeren8‚

221 542 416 600 quum
457 517 618 575 haud
664 539 726 576 se
759 539 1044 578 securum
1077 534 1391 596 cerneret,
1425 525 1804 581 Benderiam
1836 526 1901 581 in

219 606 570 667 Moldaviae
619 604 895 666 finitimis
933 609 1108 668 sitam
1143 631 1204 669 se
1238 613 1490 694 recepit,
1539 611 1647 670 ubi
1683 634 1714 669 a
1738 610 1902 668 Tur-

219 698 303 754 cis
343 693 680 754 liberaliter
726 707 1053 776 exceptus,
1100 712 1238 779 post
1269 699 1507 781 aliquot
1555 721 1747 758 annos
1798 720 1904 781 pa·

221 785 377 841 triae
408 779 720 855 redditu5‚
765 805 911 841 mox
937 786 999 841 in
1034 786 1410 867 Nol-vegiam
1445 787 1906 870 expeditionem

220 873 526 953 succepit,
570 869 681 929 ubi
722 870 870 929 dum
902 885 1150 931 strenue
1183 897 1384 934 arcem
1417 879 1704 934 Halclam
1740 876 1903 935 obsi-

221 958 397 1017 deret
422 1005 438 1033 ,
512 958 703 1042 sclopi
752 961 877 1017 ictu
956 981 1279 1045 percussus
1388 963 1680 1023 occubuit
1737 986 1898 1021 anno

227 1048 408 1107 1718.
458 1047 525 1126 a)

393 1138 610 1193 Ulrica
649 1134 994 1210 Eleonora,
1033 1153 1172 1221 post
1218 1151 1480 1200 mortem
1513 1137 1716 1199 Caroli
1764 1134 1903 1195 XII.

222 1225 423 1307 gravis
462 1224 777 1283 contentio
821 1240 997 1284 enata
1032 1240 1161 1287 erat
1205 1225 1280 1286 de
1326 1230 1699 1289 successione
1742 1229 1906 1285 inter

223 1313 497 1372 defuncti
547 1313 708 1394 regis
762 1334 1041 1374 sororem
1099 1319 1373 1374 Ulrz'cczm
1419 1320 1792 1375 Eleonorccm
1845 1327 1908 1373 et

226 1401 447 1461 ducem
478 1400 795 1460 Holsatiae
841 1404 1131 1461 Cat-olum
1170 1407 1560 1464 Fridericzcm
1599 1428 1675 1465 ex
1711 1402 1904 1462 altera

222 1511 435 1550 sorore
471 1503 702 1562 natum3
753 1491 979 1571 quibus
1012 1492 1501 1568 decertantibUS‚
1535 1492 1759 1552 habitis
1805 1513 1905 1550 re-

220 1581 324 1659 gni
352 1579 613 1638 comitiis
631 1574 1099 1639 haereditariam
1123 1584 1568 1642 successionem
1585 1595 1771 1640 status
1792 1579 1904 1637 ab—

218 1681 543 1748 rogantem,
591 1688 852 1747 regnum
885 1669 1243 1728 detulerunt
1285 1669 1361 1727 ad
1400 1673 1676 1727 Ulricczm
1722 1671 1904 1725 Eleo-

221 1778 442 1813 noram
462 1778 530 1814 ea
563 1754 720 1836 lege:
769 1757 1131 1815 utabsoluto
1167 1755 1443 1816 dominio
1464 1758 1859 1816 renunciaret
1885 1800 1901 1828 ,

222 1843 390 1926 quod
421 1844 530 1902 ubi
570 1846 1004 1925 praestitisset,
1062 1845 1257 1904 forma
1303 1846 1622 1927 regiminis
1666 1858 1899 1903 mutata

220 1947 325 1994 est.
373 1933 611 2013 Regina
664 1945 734 1990 ut
773 1935 1037 2014 patriam
1094 1935 1172 1993 ab
1228 1932 1503 1994 hostibus
1563 1935 1902 1991 immunem

221 2033 528 2094 servaret,
575 2019 792 2102 Anglis
828 2022 1133 2097 Bremam,
1176 2025 1440 2082 Borusso
1468 2023 1900 2081 Stettinensem

220 2112 574 2192 regionem,
608 2109 795 2168 Danis
817 2132 968 2170 vero
1008 2111 1269 2192 vectigal
1304 2112 1642 2171 Slesvicum
1683 2123 1901 2169 contu-

218 2198 305 2256 lit.
356 2199 570 2258 Postea
623 2218 921 2258 consensu
964 2199 1256 2259 ordinum
1309 2201 1606 2260 concessit
1661 2198 1901 2279 regium

221 2289 556 2369 imperium
591 2289 816 2345 marito
862 2309 971 2346 suo
1018 2291 1338 2346 Friderico
1397 2289 1643 2346 Hassiae
1697 2285 1901 2345 Land-

221 2375 471 2456 gravio‚
520 2376 631 2455 qui
673 2377 858 2434 etiam
902 2379 1084 2435 1720.
1109 2378 1356 2436 Sveciae
1382 2377 1520 2435 Rex
1553 2373 1899 2457 proclama—

220 2478 318 2523 tus
357 2475 478 2538 θεῖ,
522 2464 764 2544 Regina
812 2485 966 2524 vero
998 2466 1128 2525 sine
1158 2464 1336 2546 prole
1366 2464 1521 2524 obiit
1567 2463 1749 2522 1741.

375 2572 735 2629 Fridericus
781 2573 830 2631 I.
866 2572 1091 2631 Hassus
1115 2592 1411 2631 consensu
1447 2568 1737 2630 ordinum
1776 2568 1900 2629 ele-

218 2671 348 2718 ctus
376 2681 510 2733 rex,
555 2660 840 2740 Regnum
874 2661 1123 2720 Sveciae
1158 2662 1221 2717 in
1258 2658 1576 2719 meliorem
1613 2657 1895 2717 ordinem

216 2747 532 2830 1‘edigen5‚
573 2747 753 2807 saluti
808 2749 1040 2807 civium
1082 2748 1345 2807 multum
1383 2747 1704 2807 consuluit.
1754 2746 1888 2806 Bel-

1674 2836 1801 2894 lum

280 3030 336 3091 a)
379 3026 455 3076 De
493 3024 685 3078 Carolo
718 3024 839 3078 XII.
872 3024 987 3093 lege
1022 3025 1285 3075 Joannem
1318 3022 1655 3077 Fridericum
1699 3024 1895 3096 Maye-
1933 3018 1937 3029 '

369 3112 509 3150 rum.
547 3095 791 3169 prodivit
829 3094 1264 3167 Gryphisvaldac
1304 3092 1454 3149 1704.
