1940 3672
432 205 751 259 Gallorum
797 207 859 253 et
904 197 1304 252 Francorum.
1529 195 1649 253 155

63 372 231 420 tento
257 359 649 445 Imperatoris
684 353 863 413 titulo
909 356 973 411 in
1014 354 1235 411 Elbam
1267 349 1533 411 Insulam
1570 352 1728 415 rele-

58 462 226 528 gatus
256 463 358 509 est.
411 447 608 505 Uxori
641 440 771 523 ejus
809 443 1448 499 stffczriae-Lacloviccze
1480 440 1735 516 Parma,

56 535 364 595 Placentia
403 546 463 593 et
488 527 793 588 Guastalla
826 529 1216 611 Principatus
1264 530 1328 585 in
1384 525 1558 586 Italia
1588 541 1733 588 sunt

56 625 353 703 assignati.
397 621 745 678 Ladovicus
781 617 1015 677 XVIII.
1070 637 1222 675 vero
1272 637 1348 674 ex
1389 613 1616 696 Anglia
1657 614 1734 675 ad

56 707 485 792 possidendum
511 726 772 781 regnum
797 718 1148 778 revocatus;
1190 702 1400 762 foedus
1439 723 1581 761 cum
1601 701 1730 762 aliis

58 793 445 877 Principibus
467 795 663 866 inivit,
712 806 770 851 et
802 793 1043 873 antiqui
1074 791 1293 850 limites
1317 789 1549 850 Galliae
1583 810 1731 849 con-

57 884 251 941 stituti
283 895 438 939 sunt.
488 881 745 939 Interim
791 877 937 935 dum
994 878 1290 937 foederati
1338 891 1475 959 post
1515 880 1735 938 tristis-

55 972 201 1027 sima
236 968 702 1050 sangvinolenta
763 966 923 1026 bella
968 965 1043 1025 de
1088 988 1235 1048 pace
1282 967 1394 1024 toti
1446 965 1729 1048 Europae

53 1056 458 1130 restituenda,
508 1057 672 1115 item·
701 1054 776 1113 de
814 1055 1231 1135 Imperiorum
1283 1066 1342 1112 et
1389 1073 1728 1133 regnorum

53 1142 292 1227 juribus
331 1147 609 1202 Wemzae
654 1143 940 1201 Austriae
993 1140 1438 1212 decernerent,
1516 1143 1731 1215 Napo-

55 1234 186 1288 leon
232 1252 308 1290 ex
346 1233 505 1288 Elbcz
531 1252 835 1312 egressus,
882 1231 1215 1310 Imperium
1255 1226 1559 1284 Gallicum
1585 1247 1732 1286 con-

53 1318 456 1378 sentientibus
488 1319 675 1377 Gallis
714 1319 1034 1391 resumsit3
1081 1315 1184 1375 sed
1221 1315 1400 1374 brevi
1437 1336 1470 1370 a
1496 1313 1728 1374 Foede-

56 1409 199 1463 ratis
235 1404 580 1465 decretorio
607 1406 844 1488 proelio
870 1404 941 1462 ad
978 1408 1045 1460 V
1038 1408 1275 1461 aterloo
1307 1402 1537 1474 victus,
1578 1399 1728 1460 dum

53 1496 112 1550 in
159 1494 512 1553 Americam
559 1496 814 1553 transire
852 1493 1182 1566 voluisset,
1243 1490 1320 1548 ab
1365 1487 1581 1569 Anglis
1629 1489 1729 1545 in-

48 1595 389 1663 te1²ceptus‚
438 1598 499 1643 et
544 1581 774 1665 judicio
823 1580 1308 1640 Foederatorum
1355 1598 1478 1657 qua
1529 1579 1730 1656 capti-

51 1691 162 1727 vus
211 1672 274 1726 in
320 1670 588 1729 Insulam
631 1673 688 1727 S.
738 1671 1018 1726 Ηεῖειιαε
1064 1667 1384 1725 translatus
1431 1661 1727 1722 est1815.

30 1759 397 1836 vLadovicus
417 1759 647 1816 XVIII.
676 1756 876 1816 denuo
902 1754 1127 1814 throno
1157 1755 1501 1826 restitutus,
1550 1753 1728 1832 vigo-

30 1840 123 1902 lre
155 1846 317 1926 pacis
362 1846 715 1904 Parisiensis
767 1843 960 1901 Gallia
1016 1842 1382 1901 arctioribus
1432 1840 1731 1897 limitibus

48 1934 513 2016 circumscripta
546 1934 754 2006 evasit,
805 1935 865 1989 in
917 1952 1209 2014 expensas
1234 1928 1376 1988 belli
1407 1930 1547 1987 700.
1588 1926 1728 1984 mil-

53 2018 245 2079 liones
291 2020 665 2080 Francorum
708 2019 984 2093 solvere,
1038 2019 1175 2077 150.
1213 2016 1415 2075 millia
1453 2013 1731 2075 foedera-

55 2120 263 2166 torum
298 2107 566 2167 Militum
602 2131 710 2191 per
734 2110 1023 2189 quinque
1061 2128 1248 2164 annos
1275 2104 1348 2163 ad
1385 2104 1616 2162 Galliae
1637 2124 1730 2163 se-

52 2198 379 2255 curitatem
450 2196 677 2256 ibidem
738 2197 979 2255 relictos
1041 2197 1415 2252 intertenere
1482 2191 1728 2252 debent.

53 2284 338 2343 Ceterum
392 2287 702 2342 Laclovico
781 2283 1013 2341 XVIII.
1074 2304 1149 2340 ex
1198 2280 1502 2364 podagrae
1567 2278 1730 2337 malo

57 2372 240 2430 1824.
276 2385 556 2445 mortuo,
598 2377 660 2431 in
708 2371 929 2431 throno
993 2370 1225 2428 Galliae
1259 2369 1549 2428 successit
1603 2369 1726 2424 Ca-

52 2462 219 2516 rolus
262 2462 340 2516 X.
384 2462 443 2519 in
484 2484 608 2543 quo
647 2483 780 2542 spes
820 2459 1050 2518 Galliae
1092 2458 1292 2517 denuo
1356 2455 1728 2527 reflorescit,

54 2558 219 2603 tanta
259 2562 349 2606 est
380 2552 544 2607 enim
580 2549 813 2608 Galliae
861 2550 1133 2631 potentia
1159 2545 1239 2604 ob
1271 2567 1602 2604 numerum
1635 2545 1728 2600 in—

51 2633 325 2692 colarum
358 2650 419 2695 et
461 2639 957 2720 provinciarum,
1004 2635 1087 2694 ob
1125 2654 1374 2715 magnos
1394 2632 1563 2691 aulae
1604 2631 1729 2688 Re-

49 2723 180 2803 giae
223 2721 486 2798 reditus,
533 2725 613 2784 ob
637 2723 945 2783 artificum
985 2723 1421 2806 praestantiam
1463 2734 1524 2778 et
1556 2738 1730 2777 com-

53 2811 269 2867 mercii
312 2808 527 2871 florem
553 2856 567 2884 ‚
612 2814 832 2893 reique
850 2810 1130 2868 militaris
1167 2810 1226 2864 in
1252 2809 1362 2865 ista
1393 2821 1574 2889 gente
1598 2805 1730 2863 exi-

56 2898 240 2954 miam
281 2901 563 2978 peritiam
588 2945 603 2972 ,
649 2914 719 2956 ut
755 2899 899 2958 licet
935 2897 1362 2956 recentissimis
1397 2906 1457 2953 et
1501 2913 1727 2952 cruen-

64 2985 306 3042 tissimis
352 2983 528 3046 bellis
558 3008 652 3046 res
691 2986 1008 3046 Gallorum
1044 2985 1301 3042 nimium
1318 2981 1572 3042 afflictae
1589 2979 1731 3039 fue-

1479 3084 1640 3143 rint3
