1940 3672
623 161 1166 218 Polonoram.
1533 160 1655 221 525

71 335 347 400 Tandem
375 335 601 396 exactis
644 331 953 414 potentiae
989 352 1129 393 suae
1167 335 1268 393 42.
1305 335 1516 408 annis,
1579 337 1748 412 Sigi-

70 430 357 484 smzmclas
377 423 509 482 fatis
524 422 818 479 concessit
846 419 918 477 15
931 421 962 478 4
973 421 1093 480 5.et
1109 420 1469 481 substitutus
1488 432 1576 481 est
1589 420 1750 482 filius

243 511 666 590 Sigismunclas
713 510 1076 583 Augustch,
1124 508 1238 568 sub
1278 531 1406 590 quo
1444 510 1679 568 Livoni
1720 531 1753 567 a

68 601 424 662 Moscovitis
463 595 668 653 afflicti
705 595 769 653 in
803 594 1180 656 Polonorum
1221 594 1408 656 fidem
1443 617 1759 658 concesse-

67 702 254 761 runt3
319 684 426 766 qui
476 680 769 742 hactenus
821 683 1175 764 Crucigeris
1223 697 1401 743 erant
1449 681 1753 766 subjecti:

64 798 189 858 qua
242 775 372 830 vice
426 769 676 828 ultimus
737 793 952 831 eorum
1019 771 1314 854 Magister
1393 773 1754 830 Gathar-clas

63 866 362 921 Ketlerws
396 856 679 918 ordinem
711 858 1025 931 deserenS,
1072 881 1221 918 mox
1254 883 1286 916 a
1320 858 1569 919 Polonis
1607 860 1757 919 Dux

75 948 451 1017 Carlandiae
499 959 739 1019 creatus
784 960 905 1022 est3
966 945 1130 1005 unde
1176 949 1430 1006 Ducum
1489 950 1758 1006 Carlatz-

59 1040 199 1094 diae
246 1037 420 1110 origo
473 1030 804 1118 repetenda
849 1045 952 1093 est.
1022 1035 1314 1093 Ceterum
1357 1033 1504 1094 haec
1551 1049 1753 1094 muta-

64 1127 151 1183 tio
215 1121 561 1183 multorum
641 1123 1166 1182 atrocissimorum
1228 1122 1538 1182 bellorum
1611 1122 1757 1182 dein

61 1232 240 1270 causa
295 1212 520 1284 evasit,
597 1209 826 1292 quibus
885 1211 1070 1269 etiam
1128 1212 1257 1292 ipse
1321 1213 1757 1286 Sigismundas

60 1301 392 1376 ,Augustas
429 1300 796 1359 immortuus
859 1297 1041 1356 1572.
1090 1316 1364 1378 cumquo
1414 1300 1601 1357 etiam
1639 1298 1755 1355 Fa-

61 1386 230 1448 milia
263 1388 653 1464 Jagellonioa
691 1385 991 1446 exstincta
1023 1397 1127 1444 est.
1175 1384 1297 1444 Hic
1342 1382 1756 1444 Scholasticos

60 1476 421 1535 Cracoviam
479 1473 828 1537 deserentes
885 1472 1202 1537 revocavit
1216 1494 1231 1549 ξ
1313 1471 1479 1535 unde
1532 1475 1754 1532 Barsa

63 1563 487 1624 Cracoviensis
521 1563 728 1624 evasit.

285 1736 526 1832 Reges
560 1732 653 1804 de
706 1735 1123 1830 PeregriniS
1165 1734 1524 1808 Familiis.

240 1922 558 1979 Hearicus
601 1924 673 1979 V
662 1923 888 1980 alesius
925 1918 1132 1980 Gallus
1165 1925 1480 1981 communi
1530 1944 1752 2008 proce-

69 2030 208 2066 rum
249 2022 396 2067 voto
450 2032 563 2069 rex
610 2009 900 2069 Poloniae
944 2007 1171 2069 electus
1216 2021 1340 2083 est,
1403 2013 1514 2092 qui
1556 2034 1756 2093 quar-

70 2111 133 2154 to
176 2098 488 2176 regiminis
519 2119 756 2171 mense,
807 2095 1015 2158 audita
1055 2112 1259 2158 morte
1302 2098 1513 2158 fratris
1565 2101 1761 2158 Caro-

71 2186 117 2243 li
155 2185 275 2242 IX.
317 2183 549 2245 Galhae
589 2185 784 2267 regis,
853 2206 1001 2244 mox
1035 2208 1070 2247 e
1105 2185 1361 2246 Polonia
1417 2186 1576 2246 clam
1606 2209 1762 2270 pro-

71 2271 267 2351 fugit,
315 2286 376 2332 et
413 2296 610 2354 quum
650 2294 764 2334 nec
802 2272 1056 2358 pecibus
1090 2274 1299 2336 redire
1339 2273 1526 2335 vellet
1551 2321 1567 2350 ‚
1614 2296 1766 2358 pro-

71 2380 242 2419 ceres
282 2358 357 2419 de
407 2361 525 2420 alio
559 2384 706 2443 rege
745 2360 1213 2437 deliberarunt,
1261 2361 1366 2424 sed
1405 2384 1608 2445 quum
1648 2384 1766 2422 vo-

72 2460 129 2506 ta
169 2444 282 2526 jam
311 2448 371 2505 in
414 2452 918 2508 Maximilc'cmam
957 2451 1313 2523 Caesarem,
1354 2448 1570 2533 jamin
1624 2454 1768 2509 Ste-

54 2538 342 2617 phanum
378 2539 676 2613 Ba'tlzory
713 2538 1171 2599 Transilvaniae
1212 2537 1559 2618 Vajvodam
1586 2536 1764 2596 incli-

76 2637 298 2681 narent
323 2668 338 2696 ,
370 2627 719 2684 Bathorius
756 2625 1066 2687 celeritate
1087 2625 1595 2687 cunctabundum
1615 2628 1765 2684 Ma«-

72 2712 457 2769 ximilianam
495 2715 826 2774 antevertit
851 2761 866 2788 ,
930 2717 1038 2797 qui
1086 2719 1268 2775 etiam
1307 2713 1490 2773 ducta
1532 2716 1760 2792 Augu-

73 2801 158 2854 5ίί
195 2819 405 2858 sorore
449 2805 638 2859 Anna
670 2826 716 2859 a.
774 2804 957 2864 1576.
1001 2816 1335 2862 coronatus
1367 2816 1474 2867 est,

256 2889 604 2962 Stephanus
652 2892 1006 2950 Bathon‘as
1049 2894 1210 2951 inter
1246 2891 1514 2973 Optimos
1568 2887 1759 2947 Polo—

75 2975 212 3033 niae
252 2996 424 3059 reges
472 2992 833 3040 numeratur
860 3023 877 3053 ‚
938 2981 1048 3062 qui
1085 2977 1452 3040 salutaribus
1490 2976 1612 3036 suis
1670 2978 1766 3036 in-

1506 3066 1682 3126 stitu-
