1940 3672
253 162 373 222 502
789 165 1200 222 Ili-scoria

155 346 349 405 Gallis
389 345 607 406 cedere
650 343 1023 423 cogebatur3
1065 367 1257 426 quam
1297 367 1509 404 rerum
1542 360 1841 428 jacturam

162 439 343 496 1807.
387 435 676 513 deinceps
724 430 880 488 alma
921 452 1068 513 pace
1097 447 1443 493 restaurare
1492 433 1848 495 intendebat

153 523 350 584 donec
400 525 720 596 Napoleon
767 517 999 578 bellum
1031 520 1240 580 Russis
1290 520 1701 596 denuncians,
1732 547 1842 583 au-

154 613 375 671 xilium
419 612 517 668 20.
567 607 834 665 millium
887 606 1154 666 militum
1202 624 1416 668 contra
1468 612 1695 670 Russos
1726 625 1848 671 sta-

157 698 426 772 tuendo,
493 696 715 754 damna
761 696 976 776 priora
1040 697 1410 757 resarciendi
1463 700 1844 760 occasionem

153 789 631 846 nancisceretur.
681 783 942 842 Interim
999 785 1182 843 1812.
1232 788 1604 862 Napoleonis
1635 787 1844 870 splen-

154 875 504 934 didissimus
545 873 859 932 *exercitus
915 873 978 929 in
1028 871 1245 930 Russia
1292 896 1419 934 non
1482 889 1606 933 tam
1654 877 1843 934 armis

151 985 336 1045 quam
371 960 651 1020 inaudito
685 958 920 1041 frigore
951 971 1303 1019 consumtus
1324 1009 1339 1038 ,
1364 986 1505 1023 eum
1545 961 1844 1045 produxit

153 1052 475 1123 effectum,
513 1062 581 1107 ut
621 1049 866 1107 Borussi
902 1061 1179 1129 separata
1201 1047 1373 1124 duce
1407 1053 1633 1109 Yorkio
1676 1051 1840 1110 mili-

150 1143 263 1215 tia,
311 1137 770 1200 neutralitatem
805 1135 1094 1220 deinceps
1134 1142 1500 1217 promittere
1537 1160 1836 1220 cogeren—

150 1244 268 1289 tur.
348 1226 587 1300 Quibus
643 1227 706 1283 in
765 1223 1068 1307 adjunctis
1114 1227 1486 1286 Wllzelmns
1538 1229 1839 1310 optimam

150 1342 184 1376 a
233 1319 268 1375 J
276 1339 395 1399 ugo
435 1314 670 1373 Gallico
709 1327 901 1373 semet
953 1313 1257 1374 liberandi
1299 1316 1710 1376 occassionem
1748 1318 1842 1373 vi·-

148 1405 299 1464 dens
325 1449 340 1477 ,
386 1403 640 1488 publico
685 1399 935 1461 decreto
979 1398 1422 1463 validissimum
1446 1425 1625 1463 suum
1659 1425 1840 1467 exer-

148 1497 342 1553 citum
388 1506 609 1552 contra
643 1489 851 1549 Gallos
888 1494 1230 1553 convertit:
1280 1513 1435 1574 quos
1469 1492 1653 1551 etiam
1689 1514 1839 1573 ope-

150 1607 219 1642 ra
267 1581 819 1656 celeberrimorum
878 1579 1121 1641 Ducum
1163 1582 1254 1638 uti
1292 1582 1634 1651 Blz‘i'clzerc',
1699 1582 1840 1637 Ba·-

149 1673 331 1741 lom'i,
380 1670 855 1738 Tranenzienii,
914 1669 1169 1725 Kleiscii
1224 1679 1284 1724 et
1337 1670 1550 1724 Yorkc'i
1597 1669 1834 1748 magnis

148 1757 424 1817 cladibus
467 1755 848 1839 profligavit3
895 1775 964 1812 ac
999 1759 1216 1838 vigore
1262 1758 1426 1837 pacis
1461 1757 1841 1812 Parisiensc's

149 1861 211 1907 et
251 1848 625 1927 Congressus
683 1845 1081 1919 Viennensis,
1150 1865 1371 1925 magna
1409 1864 1486 1903 ex
1521 1855 1698 1926 parte
1745 1841 1840 1900 di-

148 1938 343 1994 tiones
379 1948 553 1992 antea
575 1933 816 1990 amissas
862 1936 1271 2016 recuperavit.
1322 1933 1516 1990 Prout
1552 1944 1754 1990 autem
1777 1953 1840 1990 se

149 2022 412 2081 Foederi
461 2023 642 2080 1815.
675 2020 1047 2080 Germanico
1083 2022 1406 2092 univerat,
1442 2021 1505 2077 in
1538 2018 1840 2079 divisione

146 2111 350 2192 Regni
393 2110 682 2169 Poloniae
727 2110 962 2191 accepit
1002 2109 1312 2168 Ducatum
1347 2109 1840 2182 Varsaviensem‚

150 2199 516 2259 Inferiorem
556 2218 848 2277 magnum
896 2199 1202 2256 Ducatum
1242 2195 1610 2256 Rhenanum
1633 2241 1651 2267 ,
1701 2197 1837 2253 Du·-

148 2301 353 2346 catum
410 2287 822 2368 Bergensem‚
891 2296 952 2345 et
1002 2285 1264 2345 ditiones
1321 2286 1530 2368 stirpis
1611 2284 1844 2343 Nassau

150 2376 540 2450 Oraniensis;
586 2375 894 2454 Regiones
926 2383 1078 2434 vero
1135 2373 1635 2454 Lauenburgicas
1697 2393 1840 2431 cum

147 2464 404 2523 Svecica
450 2463 811 2522 Pomerania
864 2464 1284 2522 commutavit.
1377 2462 1512 2543 Ipse
1561 2481 1712 2519 vero
1761 2481 1840 2519 ex

150 2552 425 2633 antiquis
458 2551 782 2610 Borussiae
806 2548 1142 2610 ditionibus
1161 2551 1673 2611 concessitRnsso
1696 2570 1838 2630 par-

152 2655 276 2699 tem
300 2637 548 2720 majoris
576 2638 886 2698 Poloniae:
926 2642 1186 2696 Bavaro
1211 2639 1623 2720 principatum
1645 2635 1844 2694 Onol-‘

149 2727 469 2787 dinensem
539 2741 600 2786 et
661 2724 1079 2786 Biruthinum.
1152 2728 1310 2808 Regi
1366 2744 1517 2785 vero
1574 2725 1837 2781 IIanno-

150 2839 383 2875 verano
407 2812 922 2874 Hildesheimium
947 2838 1087 2874 cum
1122 2816 1336 2875 vicinis
1363 2812 1662 2885 Urbibus,
1691 2813 1837 2872 item

148 2906 410 2964 Frisiam
455 2902 837 2963 orientalem.
889 2906 990 2963 Sic
1033 2904 1315 2963 restituta
1350 2901 1690 2962 desiderata
1731 2922 1838 2981 pa-

150 3013 260 3066 ce,
310 2995 371 3056 in
414 2993 644 3052 civium
686 2991 1166 3055 emolumentum
1215 3013 1437 3077 magno
1490 2988 1697 3051 fructu
1743 2989 1842 3048 in·-

1582 3097 1753 3136 cum-
