1940 3672
639 139 1252 193 Boreas-sorum.
1574 137 1697 198 297

108 312 295 374 etiam
345 333 482 374 suos
532 309 723 370 socios
775 321 838 367 et
885 306 1158 368 subditos
1213 312 1463 369 Prussos
1521 308 1598 369 ad
1651 332 1786 370 eam

106 400 480 482 sequendam
524 397 860 480 permovit,
928 395 1234 479 ductaque
1274 398 1392 456 sihi
1433 399 1492 456 in
1528 418 1785 455 uxorem

108 491 436 547 Dorothea
485 485 713 544 Daniae
772 485 936 563 regis
986 484 1144 558 filia,
1214 510 1247 544 a
1295 488 1686 563 Sigismanclo
1738 486 1789 542 I.

111 575 401 636 Poloniae
436 595 579 654 rege
616 572 941 631 Borussiae
972 573 1113 632 Dux
1149 574 1545 634 renunciatus
1592 587 1682 633 est
1719 594 1790 631 ea

110 664 278 745 lege:
342 676 410 720 ut
448 674 686 743 partem
723 660 1043 720 Borussiae
1082 663 1143 718 in
1196 660 1423 720 ducatu
1477 666 1793 736 K'insper-

105 753 285 828 gensi
320 771 459 807 cum
490 749 748 831 posteris
788 750 905 807 suis
939 748 1213 829 legitime
1246 752 1541 832 susceptis
1576 747 1792 808 haere—

113 837 334 895 ditario
361 835 517 918 jure,
557 836 734 895 titulo
767 835 1088 896 fiduciario
1127 851 1401 913 teneret3
1461 852 1523 896 et
1561 839 1610 896 si
1642 839 1795 896 viri-

110 925 182 983 lis
219 925 411 984 Sexus
459 922 641 983 liberi
689 923 1004 998 deessent,
1075 924 1344 984 Ducatus
1388 923 1515 1006 ejus
1563 927 1794 984 Borus-

108 1015 266 1087 siae,
312 1008 448 1095 jure
478 1011 525 1068 F
529 1009 728 1073 euda'li
765 1011 842 1071 ad
871 1035 1132 1094 regnum
1170 1013 1461 1073 Poloniae
1496 1012 1792 1073 devolve-

110 1112 301 1161 retur.
349 1099 451 1158 Ab
492 1096 607 1159 hoc
653 1103 843 1182 igitur
875 1114 1158 1182 tempore
1193 1099 1466 1184 dupplex
1506 1101 1794 1160 Borussia

106 1190 332 1262 existit,
380 1209 605 1271 nempe
642 1192 952 1248 Borussia
993 1191 1283 1246 Polonica
1308 1235 1326 1262 ,
1374 1202 1437 1249 et
1476 1191 1794 1247 Boe-assia

109 1278 641 1354 Brcmdebargica.
724 1281 813 1354 a)
872 1277 1169 1335 Albertas
1229 1279 1280 1335 I.
1347 1291 1675 1359 postquam
1728 1277 1794 1334 in

107 1362 398 1426 Bohemia
431 1367 809 1449 proscriptos
848 1368 1115 1422 Fratres
1140 1364 1205 1422 in
1238 1365 1589 1424 Borussiam
1618 1385 1793 1424 rece-

110 1455 333 1535 pisset,
382 1454 745 1513 Doctrinam
789 1451 1050 1513 Lutheri
1098 1453 1162 1510 in
1194 1453 1547 1512 Borussiam
1585 1451 1796 1536 publi-

105 1562 176 1599 ca
207 1541 340 1624 lege
395 1539 771 1616 introduxit,
835 1538 1093 1623 ejusque
1125 1542 1474 1623 patrocinio
1510 1563 1576 1601 ea
1614 1542 1799 1600 nimis

110 1628 376 1690 adolevit
414 1652 607 1712 usque
642 1653 736 1689 an.
783 1629 967 1689 1574.
1016 1630 1080 1687 in
1127 1626 1298 1711 cujus
1336 1629 1671 1689 Doctrinae
1708 1626 1798 1686 fa·-

111 1739 330 1776 vorem
361 1720 544 1777 etiam
576 1719 1061 1779 Universitatem
1089 1715 1800 1799 Regiomontanamfun-

114 1804 301 1865 davit.
362 1806 435 1864 In
471 1807 758 1865 Borussia
796 1807 1110 1865 Albertini
1155 1806 1231 1885 b)
1283 1806 1490 1866 Duces
1537 1808 1800 1864 univer-

113 1896 228 1953 sim
264 1906 405 1953 octo
438 1908 815 1975 regnarunt,
875 1915 1147 1976 quorum
1191 1892 1440 1953 ultimus
1476 1905 1609 1955 erat
1647 1896 1797 1952 Fri-

115 1984 361 2040 clericas
414 1985 780 2041 Willzelmas
822 1982 1278 2064 potentissimus
1315 1982 1562 2042 Elector
1603 1983 1798 2040 Bran-

116 2068 529 2151 denburgicus
551 2115 566 2143 ,
626 2071 735 2152 qui
771 2071 950 2129 initio
995 2069 1172 2128 etiam
1211 2066 1638 2130 beneficiarius
1668 2083 1802 2131 erat

115 2159 404 2239 Regnum
466 2158 794 2232 Poloniae,
861 2179 1082 2218 verum
1139 2156 1441 2217 beneficio
1508 2161 1801 2217 Casimiri

118 2248 236 2306 IV.
272 2247 562 2307 Poloniae
597 2248 788 2330 regiS,
849 2248 1137 2308 Borussia
1179 2248 1271 2306 sui
1303 2245 1456 2331 juris
1496 2246 1803 2308 declarata

1596 2349 1715 2401 est}

185 2525 222 2558 a
242 2505 271 2628 )l
302 2507 541 2628 Croffier.
571 2507 628 2629 il?
660 2515 798 2630 (girat.
833 2504 1800 2630 {upelmLSig7ismugdiSlI.·d]·egisLSa5-

276 2597 381 2629 om.
466 2596 576 2628 eive
621 2615 633 2629 .
719 2587 801 2628 ist.
876 2594 906 2626 o
933 2594 1018 2630 on.
1095 2616 1106 2628 .
1178 2616 1192 2629 .
1228 2587 1282 2627 et
1350 2615 1361 2628 .
1458 2596 1505 2628 el
1547 2597 1628 2628 an.
1705 2616 1717 2629 .
1788 2615 1802 2630 .

252 2646 322 2717 b)
373 2619 638 2716 Geor}ius
698 2647 927 2697 Sabinus
997 2647 1062 2696 de
1108 2647 1468 2718 appellatione
1523 2647 1798 2698 Marchiae

256 2717 1093 2786 BrandeburgicacHelmstadtil
1144 2716 1297 2769 1597.
1326 2718 1548 2769 Martini
1599 2717 1800 2769 Praed-

254 2789 340 2839 rii.
375 2789 716 2839 Marchiados
747 2786 900 2838 Libri
935 2786 1060 2837 duo·
1081 2786 1599 2857 Arge11t01·ati4594.
1637 2787 1801 2838 Chri-

255 2858 438 2926 stoph.
485 2857 784 2912 Theodori.
818 2855 1178 2909 Schosserius.
1242 2856 1597 2926 Magdeburgi
1648 2854 1804 2909 1617.

255 2928 520 2981 Martinus
544 2928 804 2979 Zeilerus.
824 2926 1207 2998 Topographia
1229 2966 1243 2983 ,
1281 2926 1608 2979 Francofurt
1649 2925 1800 2981 1652.

260 3006 313 3050 et
346 2997 551 3052 Nicolai
588 2997 927 3066 Lentingerii
965 2998 1385 3053 Commentaria.
1425 3008 1528 3053 etc,
