1940 3672
660 266 1113 322 Danaorum.
1531 261 1651 322 195

59 445 136 504 ad
190 446 384 505 officia
421 437 835 502 Ecclesiastica
868 437 1018 498 olim
1054 459 1089 496 a
1125 433 1360 521 populo
1410 433 1599 495 fiebat
1622 477 1637 505 ,
1687 447 1749 494 et

60 556 96 592 a
145 535 314 614 Rege
362 526 792 603 confirmati03
847 528 1085 609 primus
1140 524 1261 583 fuit
1306 525 1575 581 Jacobas
1619 524 1748 580 Er-

60 578 275 681 lanclir>
289 620 398 701 qui
431 638 465 673 a
511 612 813 674 Pontifice
860 614 1144 674 Romano
1179 608 1376 671 A1ch'1
1411 612 1748 695 Episcopus

57 705 401 768 Lundensis
437 701 556 760 fuit
595 704 993 776 constitutus,
1026 723 1060 758 a
1097 721 1225 784 quo
1273 713 1557 783 tempore
1602 696 1748 757 dein

58 796 266 856 vocali
324 790 660 851 voluelunt
724 790 1130 864 Apostolicae
1203 792 1365 847 seclis
1434 789 1748 863 Episcopi.

57 883 132 942 In
166 880 360 939 Dania
398 888 603 937 tantae
639 891 816 938 erant
855 876 1111 938 divitiae
1152 876 1644 960 Episcopoiwlrn,
1681 886 1750 932 ut

57 968 219 1029 solus
277 969 624 1041 Episcopus
682 967 1147 1024 Roschilclensis
1200 966 1300 1026 45.
1348 962 1530 1024 feuda
1575 977 1749 1024 tene-

57 1069 193 1129 ret,
238 1052 341 1112 alii
384 1055 570 1113 etiam
620 1051 911 1137 Episcopi
950 1052 1100 1112 dum
1141 1051 1219 1111 ad
1253 1053 1516 1112 Comitia
1558 1049 1750 1152 profi-

56 1146 436 1203 cisceientui
458 1186 473 1215 ‚
533 1155 786 1202 centum
841 1152 904 1201 et
963 1141 1223 1223 amplius
1290 1141 1540 1199 armatis
1594 1140 1749 1198 viris

55 1230 260 1314 stipati
305 1231 425 1288 iter
461 1242 883 1311 susceper.unt
949 1230 1166 1289 Verbo
1218 1239 1346 1288 tota
1381 1228 1578 1285 Dania
1623 1225 1746 1285 fuit

54 1317 431 1391 Chiistiana‚
478 1330 540 1379 et
583 1317 676 1376 illi
713 1315 914 1376 solum
957 1316 1274 1377 Haeretici
1324 1329 1387 1376 et
1433 1312 1748 1414 irleligio-

53 1409 103 1467 si
142 1403 665 1478 aestimabantur,
704 1404 815 1486 qui
860 1402 1125 1465 decimas
1180 1404 1300 1464 rite
1361 1424 1486 1462 non
1532 1401 1749 1462 solvis-

52 1507 221 1567 sent,
270 1515 462 1576 quare
507 1495 691 1554 etiam
736 1490 998 1552 fulmine
1046 1490 1478 1552 Ecclesiastico
1521 1510 1749 1571 percu-

53 1582 389 1643 tiebantur.
480 1583 726 1644 Verum
795 1577 945 1641 haec
1018 1581 1339 1662 primaeva
1398 1577 1747 1659 Religionis

51 1668 437 1730 Christianae
481 1668 837 1730 reverentia
904 1667 1174 1728 multum
1219 1664 1586 1728 labefactata
1647 1664 1749 1723 su·-

54 1759 105 1817 it
159 1779 272 1841 per
327 1758 804 1818 invalescentem
867 1756 1104 1839 ubique
1171 1756 1682 1816 reformationem
1728 1797 1744 1825 ‚

54 1867 200 1905 nam
234 1845 311 1904 ad
341 1844 678 1906 avertenda
723 1844 1192 1926 sangvinolenta
1238 1843 1401 1904 bella
1438 1844 1557 1904 sub
1599 1844 1748 1899 Fri-

53 1937 258 1991 clerico
298 1937 349 1992 I.
399 1932 703 1994 Liberum
754 1932 1074 2015 religionis
1122 1934 1493 1992 exercitium
1538 1930 1749 1989 Evan-

56 2021 265 2103 gelicis
309 2041 667 2081 concessum
704 2017 864 2093 fuit,
910 2019 1083 2104 cujus
1123 2040 1432 2081 successor
1477 2020 1752 2077 Christi-

57 2132 216 2174 (mas
265 2110 372 2168 Ill.
437 2110 753 2191 antiquam
804 2107 1124 2191 Evangelii
1165 2110 1494 2168 veritatem
1532 2128 1748 2190 respu-

55 2218 162 2257 ens
204 2243 220 2271 ,
281 2199 577 2256 chtherii
646 2192 933 2278 profanas
1012 2197 1317 2257 novitates
1369 2194 1691 2278 amplexus
1733 2239 1749 2268 ‚

55 2285 305 2344 Cultum
362 2283 760 2366 Evangelicae
810 2285 1127 2367 religionis
1177 2283 1427 2367 publica
1479 2283 1751 2341 auctori-

55 2385 181 2434 tate
234 2373 534 2446 instituit,
572 2370 746 2455 cujus
789 2375 1066 2455 vestigiis
1120 2374 1309 2433 etiam
1369 2390 1749 2432 successores

55 2459 185 2546 ejus
228 2463 293 2520 in
331 2457 494 2520 hunc
532 2481 728 2544 usque
766 2458 934 2522 diem
980 2459 1248 2522 firmiter
1300 2457 1639 2521 inhaerent.
1680 2458 1747 2539 a)

1036 2609 1163 2667 122
1500 2603 1653 2684 §.5

124 2818 187 2883 a)
225 2814 306 2867 Ad
338 2813 767 2867 Reformationis
822 2812 1021 2865 Daniae
1053 2810 1356 2864 Historiam
1391 2811 1507 2890 lege
1542 2811 1750 2863 Conra-

193 2884 249 2936 di
282 2884 459 2936 Aslaci
497 2886 801 2936 orationem
851 2882 918 2933 de
949 2883 1109 2935 Statu
1141 2881 1454 2950 Religionis
1488 2900 1544 2932 ln
1580 2882 1751 2933 Dania

196 2953 264 3005 ab
304 2972 445 3005 anno
494 2953 650 3013 1517.
703 2954 771 3005 ad
819 2950 972 3005 1621.
1022 2969 1147 3003 cum
1196 2953 1431 3004 Centum
1479 2968 1752 3002 annorum

198 3022 603 3147 Chaonologia,
654 3042 790 3096 quae
842 3022 1009 3075 latine
1058 3021 1267 3093 prodiit
1312 3019 1543 3074 Hafniae
1592 3019 1656 3074 16
1661 3019 1745 3073 >1

197 3111 250 3145 in
