1940 3672
594 142 1181 196 Bor-assarum.
1583 129 1708 195 295

117 338 318 396 nensis
358 335 741 416 Principatus
772 351 877 390 seu
929 335 1234 406 Omnien,
1304 334 1449 393 item
1490 333 1795 398 Ducatum

120 425 621 504 Neoburgensem
667 440 771 478 seu
815 423 1193 478 Neusclmtel
1225 421 1523 480 obtinuit:
1572 443 1641 481 ac
1673 437 1794 482 sta-

116 511 302 571 bilitis
335 510 599 590 antiquis
640 508 1038 566 Borussorum
1061 507 1635 583 constitutionibus,
1681 532 1797 570 no-

114 602 331 679 visque
356 619 468 678 pro
501 617 569 654 re
599 608 740 652 nata
776 596 1087 670 institutiS,
1124 596 1470 656 Borussiam
1490 594 1630 678 jure
1653 594 1798 658 hae-

114 685 404 746 reditario
443 684 505 740 in
534 703 908 742 successores
939 683 1255 743 Masculini
1276 704 1457 744 sexus
1498 684 1797 761 extendit3

114 788 174 834 et
211 772 288 830 ab
323 769 435 828 hoc
466 785 745 851 tempore
787 773 992 828 cuncti
1033 792 1404 831 successores
1436 774 1500 830 in
1535 774 1800 856 amplius

113 860 433 920 Borussiae
465 857 952 918 emolumentum
984 881 1101 941 pro
1120 859 1286 918 virili
1309 881 1416 918 sua
1461 864 1789 921 conamina

110 957 482 1010 convertunt
515 947 577 1005 in
621 943 993 1014 hodiernum
1031 969 1230 1029 usque
1275 945 1455 1007 diem.
1503 948 1572 1027 a)

276 1068 321 1147 ᾗ.
372 1068 428 1131 4.
481 1073 703 1130 Status
756 1073 924 1129 Belli
970 1082 1031 1128 et
1076 1073 1384 1130 Memoria
1432 1075 1794 1150 Principum

101 1149 425 1220 *Vironum
504 1159 955 1241 Antiquissima
996 1160 1410 1219 Borussorum
1460 1159 1614 1221 facta
1651 1177 1797 1224 sunt

105 1246 365 1308 obscura
389 1291 405 1321 ,
468 1246 747 1331 ipsorum
784 1260 990 1306 tamen
1028 1247 1267 1328 primus
1304 1249 1442 1307 Rex
1483 1262 1544 1308 et
1585 1251 1795 1333 Legis-

100 1332 263 1394 lator
295 1333 479 1395 fuisse
510 1332 738 1395 dicitur
772 1337 1268 1410 Maydewwntzcs
1291 1380 1305 1409 ,
1352 1335 1467 1394 sub
1500 1359 1626 1419 quo
1657 1360 1796 1400 cer-

101 1436 227 1481 tam
279 1422 540 1483 formam
599 1423 921 1504 regiminis
966 1419 1249 1483 habuisse
1295 1422 1629 1502 videntur3
1677 1429 1795 1486 im-

77 1512 317 1592 primis
349 1523 553 1569 tamen
592 1534 626 1570 a
660 1510 895 1571 bellicis
929 1509 1102 1568 factis
1137 1511 1390 1570 Borussi
1431 1513 1794 1575 inclaresce-

96 1620 167 1659 re
198 1611 539 1681 coeperunt
569 1602 734 1658 circa
766 1622 816 1657 a.
852 1598 995 1659 998.
1035 1601 1210 1681 cujus
1253 1601 1344 1659 rei
1383 1603 1622 1662 occasio
1661 1618 1797 1666 erat

98 1687 157 1745 S.
203 1689 592 1760 ,Aclalbertas
644 1689 980 1770 Episcopus
1021 1688 1376 1768 PragensiS,
1440 1690 1549 1771 qui
1592 1691 1796 1755 Bohe-

97 1796 229 1834 mos
270 1775 352 1834 ob
410 1774 638 1833 malam
683 1777 876 1833 vitam
918 1774 1236 1850 deserens,
1286 1791 1614 1860 postquam
1653 1781 1792 1865 plu-

99 1864 288 1922 rimos
357 1864 805 1944 Hungarorum
878 1865 1207 1945 ipsumque
1282 1867 1340 1921 S.
1405 1868 1791 1943 Stephanum

98 1972 311 2032 regem
340 1953 744 2014 convertisset
776 1949 850 2008 ad
883 1949 1097 2025 fidem,
1158 1952 1233 2031 b)
1282 1953 1341 2010 in
1378 1954 1630 2014 Polonia
1666 1958 1790 2019 Ar-

93 2036 188 2116 chi
237 2039 574 2121 Episcopus
620 2039 990 2098 Gnesnensis
1027 2051 1295 2112 creatuS,
1342 2061 1490 2100 mox
1530 2043 1787 2126 Episco-

92 2139 239 2211 patu
291 2129 633 2184 Gaudentio
672 2125 1101 2189 commendato
1127 2174 1142 2202 ,
1207 2129 1270 2186 in
1320 2130 1672 2193 Borussiam
1705 2137 1784 2196 ad

93 2212 370 2274 infideles
403 2213 852 2277 convertendos
893 2218 1228 2289 concessit,
1275 2215 1379 2276 sed
1408 2217 1496 2276 'ab
1530 2219 1674 2304 ipsis
1706 2225 1784 2285 ad

92 2303 527 2362 Fc'sclzcmsimn
571 2305 802 2364 occisus
846 2315 908 2364 et
948 2305 1246 2384 martyrio
1288 2320 1618 2370 coronatus
1657 2327 1781 2391 est3

89 2387 262 2472 cujus
297 2390 540 2474 Corpus
577 2395 906 2452 Boleslczus
947 2390 1248 2466 Bolonus,
1315 2415 1514 2477 quum
1551 2400 1783 2462 Barba-

1637 2491 1695 2550 ri

158 2653 234 2722 a)
270 2651 526 2703 Nicolaus
566 2650 965 2719 Leuthingerus
992 2692 1005 2713 ‚
1045 2652 1140 2727 qui
1178 2649 1265 2709 45.
1304 2652 1458 2705 libris
1496 2671 1777 2704 commen-

226 2721 494 2774 tariorum
511 2739 698 2772 rerum
733 2721 946 2773 Statum
980 2722 1267 2792 descripsit
1297 2723 1593 2775 Boi-assiae.
1634 2724 1773 2775 Item

223 2790 617 2861 Compendium
674 2791 944 2841 Anastasii
996 2793 1194 2854 Probi,
1276 2792 1450 2844 Clavis
1499 2793 1774 2845 Historieo

224 2861 450 2913 politica
497 2861 564 2912 ad
616 2861 1143 2931 Contemplationem
1181 2862 1499 2931 amplissimi
1556 2861 1774 2915 Electo-

224 2939 374 2981 ratus
437 2930 895 2997 Brandenburgici
947 2934 1046 2983 sub
1107 2932 1382 2984 ‚Friderico
1446 2932 1766 2986 VVilhelmo.

229 2998 378 3052 1682.
416 3000 839 3070 Branderburgi.
896 2997 969 3072 b)
1006 3002 1083 3056 M.
1118 3001 1428 3057 Cromerus.
1469 3006 1531 3063 L.
1570 3001 1622 3060 3.
1664 3005 1771 3056 Fa-

226 3069 361 3122 bric.
410 3071 465 3123 in
503 3070 762 3124 Chronol.
