1940 3672
338 195 796 249 Britannorum
834 205 942 242 sen
986 185 1352 261 Anglorum.
1521 184 1636 242 141

50 370 475 427 Romanorum
512 365 573 421 in
616 362 896 441 quinque
932 371 1166 440 parteS,
1211 377 1436 438 nempe
1472 367 1724 437 praeter

49 469 171 514 tres
210 457 447 536 priores
486 452 548 507 in
585 449 949 505 Valentiam
984 458 1044 505 et
1097 448 1390 503 Flaviam
1438 445 1728 500 Caesari-

45 563 260 599 ensem.
347 541 558 598 Postea
612 537 676 592 in
724 532 847 592 duo
888 554 1113 614 regna,
1171 534 1263 590 uti
1317 532 1622 608 Angliam
1667 543 1734 590 et

48 631 360 698 Scotiam,
403 645 559 705 quae
601 620 724 681 duo
778 643 970 702 regna
1032 620 1185 679 dum
1238 619 1355 679 sub
1403 617 1632 676 ιῙαοοόο
1673 620 1726 674 Ι.

46 717 219 773 unita
250 725 483 783 essent,
532 723 660 769 tota
714 709 908 768 insula
941 711 1189 786 llIagna
1224 709 1582 766 Britannia
1616 726 1734 788 ap·-

45 801 344 883 pellatur,
406 797 589 857 hodie
651 799 834 856 etiam
884 798 1202 855 Ilibernia
1260 792 1380 854 huc
1443 795 1729 877 pertinet.

43 889 241 968 Igitur
289 887 610 944 Britannia
664 884 815 943 olim
870 887 934 942 in
995 884 1204 966 plures
1254 883 1603 965 provincias
1659 893 1722 939 et

47 973 422 1055 respublicas
462 986 598 1032 erat
653 971 1003 1054 discerpta,
1051 984 1240 1053 prout
1296 973 1361 1029 in
1415 969 1731 1053 plerisque

47 1062 214 1121 orbis
259 1060 619 1140 regionibus
658 1074 930 1120 notatur.
992 1060 1085 1118 De
1129 1056 1220 1116 his
1259 1057 1456 1116 tribus
1497 1058 1731 1138 princi-

45 1148 285 1229 palibus
326 1149 682 1207 Britanniae
729 1147 1006 1231 partibus
1049 1145 1405 1228 singillatim
1439 1144 1736 1204 brevibus

52 1235 196 1297 haec
242 1250 385 1296 sunt
419 1234 729 1295 notanda:
1293 1284 1295 1286 ,

208 1325 253 1383 Ι.
302 1324 616 1381 Hibernia
665 1333 756 1384 est
795 1345 919 1381 una
949 1322 1308 1382 Britanniae
1341 1320 1556 1394 insula,
1596 1319 1743 1379 olim

54 1414 310 1470 Ivernia
348 1409 436 1488 a)
483 1410 686 1484 dicta,
733 1422 936 1470 tractu
982 1409 1264 1469 littorum
1311 1408 1613 1490 oblonga,
1660 1408 1737 1467 ab

47 1513 189 1559 ort-u
240 1501 620 1558 Britanniam
653 1497 840 1557 habet
855 1544 874 1573 ,
943 1523 977 1557 a
1017 1520 1139 1580 qua
1182 1499 1340 1555 mari
1390 1497 1737 1556 Hibernico

45 1601 286 1647 tantum
329 1589 509 1646 unius
550 1587 671 1647 diei
731 1589 1120 1669 navigatione
1165 1584 1382 1661 distat3
1448 1586 1525 1644 ab
1578 1585 1741 1644 occi—

49 1675 234 1736 dente
274 1687 514 1734 vastum
546 1697 878 1751 oceanum,
939 1698 973 1732 a
1027 1675 1488 1756 Septemtrione
1549 1673 1739 1733 Islan-

53 1762 253 1837 diam,
300 1777 362 1822 et
398 1765 474 1821 ab
531 1777 739 1821 austro
785 1763 1169 1845 Hispaniam.
1259 1763 1381 1821 Hic
1434 1767 1537 1822 aer
1585 1760 1745 1820 salu-

53 1851 392 1925 beri²imus‚
438 1850 688 1910 coelum
731 1863 935 1910 tamen
981 1849 1056 1908 ad
1099 1849 1466 1910 maturanda
1511 1851 1743 1910 semina

53 1940 373 2020 iniquum,
420 1938 587 2021 quod
621 1940 786 1996 enim
825 1960 937 1999 ver
977 1939 1203 2020 gignit,
1250 1953 1440 1999 aestas
1499 1940 1738 2012 nutrit,

53 2028 163 2085 vix
204 2028 268 2084 in
311 2047 504 2086 messe
553 2026 834 2109 pluvialis
879 2029 1186 2107 aquositas
1233 2026 1437 2109 colligi
1476 2028 1746 2111 permit-

58 2116 152 2173 tit.
246 2114 483 2173 Verum
535 2112 688 2174 adeo
752 2114 1071 2174 luxuriosa
1130 2111 1335 2175 herbis
1396 2137 1523 2175 non
1577 2115 1750 2175 laetis

57 2199 246 2262 modo
291 2200 396 2261 sed
435 2204 619 2261 etiam
651 2201 963 2278 dulcibus,
1011 2215 1081 2261 ut
1109 2205 1156 2262 si
1179 2206 1397 2286 exigua
1437 2203 1560 2265 diei
1598 2225 1750 2287 par-

58 2304 115 2350 te
169 2311 393 2370 pecora
459 2311 522 2350 se
605 2290 928 2373 impleant,
1008 2304 1071 2350 et
1133 2293 1248 2351 nisi
1306 2291 1533 2374 pabulo
1599 2312 1749 2374 pro-

58 2376 389 2436 hibeantur
431 2376 660 2437 diutius
708 2394 876 2461 pasta
898 2378 1211 2439 dissiliant.
1259 2381 1560 2440 Pecorum
1589 2377 1750 2437 mul-

60 2465 260 2525 titudo
308 2467 612 2548 imprimis
658 2470 870 2526 ovium
916 2480 977 2528 et
1011 2490 1357 2549 equorum,
1404 2467 1750 2528 incolarum

59 2575 205 2636 opes
254 2552 520 2612 faciunt:
568 2553 809 2615 nullum
840 2554 940 2616 hic
976 2556 1216 2638 reptile,
1264 2557 1467 2617 nullus
1500 2573 1752 2637 serpens

63 2639 343 2715 habitat3
392 2664 576 2724 apum
623 2654 788 2701 tanta
821 2643 1173 2719 multitudo,
1216 2659 1285 2703 ut
1330 2647 1395 2703 in
1455 2644 1754 2703 arborum

65 2731 251 2789 etiam
318 2732 552 2789 truncis
624 2734 1059 2814 reperiantur:
1152 2732 1428 2793 ferarum
1497 2749 1753 2812 quoque

1455 2839 1667 2878 omnia

135 3019 193 3091 a)
234 3022 494 3140 {³omppfj.
535 3019 687 3070 Mela.
728 3020 791 3073 L.
831 3017 876 3070 3.
916 3042 957 3071 c.
999 3021 1047 3072 6.
1087 3021 1299 3074 Strabo.
1332 3021 1393 3074 L.
1428 3019 1476 3072 4.
1516 3020 1653 3074 Plin.
1683 3021 1748 3074 L.

228 3115 280 3143 ·.
327 3109 368 3140 c.
443 3098 488 3139 t).
