1940 3672
688 213 1153 268 Danorum.
1545 214 1671 272 205

79 396 429 456 calamitosa
498 403 777 472 tempora
823 387 1296 466 ominabantur3
1341 386 1539 471 Reges
1596 394 1763 451 enim

82 506 208 543 non
253 497 374 541 tam
419 477 495 537 de
530 476 932 558 Reipublicae
986 476 1180 537 salute
1224 498 1294 536 ac
1333 479 1568 535 civium
1595 491 1774 536 tran-

82 569 363 652 quilitate
398 577 574 626 erant
605 563 857 638 soliciti,
909 586 1098 645 quam
1153 578 1223 623 ut
1276 564 1516 623 artibus
1566 568 1769 624 omni-

79 658 194 716 bus
266 665 548 715 recenter
601 664 848 711 enatam
893 650 1156 712 Lutheri
1231 650 1580 712 doctrinam
1636 666 1771 713 tue-

80 758 332 816 rentur,
381 742 445 798 in
489 759 751 820 regnum
797 737 1203 814 inducerent,
1251 753 1314 800 et
1347 739 1480 823 lege
1516 741 1767 824 publica

83 830 442 902 firmarent,
490 825 740 910 jurique
772 827 1138 888 Patronatus
1180 827 1414 888 dudum
1452 827 1766 890 desidera-

86 931 149 976 to
194 915 379 977 modo
419 917 873 976 renunciarent.

255 1005 332 1064 V.
426 1005 747 1080 Epoelzam
780 1005 1046 1080 figimus
1100 1005 1210 1062 sub
1269 1006 1567 1082 regimine
1623 1006 1773 1063 Fri-

78 1095 272 1152 deriei
315 1094 440 1150 III.
491 1113 650 1151 anno
677 1091 859 1152 1660.
900 1095 1008 1172 qui
1057 1092 1390 1151 terminato
1430 1092 1771 1152 belloSve-

75 1182 242 1253 ci00,
291 1179 558 1263 politicis
603 1177 823 1238 mediis
880 1182 1205 1260 antiquam
1258 1181 1578 1260 regiminis
1637 1179 1770 1238 for-

81 1290 284 1340 mam,
337 1291 463 1350 qua
522 1268 722 1349 Reges
775 1266 970 1326 libere
1030 1265 1423 1348 eligebantur
1489 1269 1772 1327 restricta

82 1369 423 1440 potestate,
472 1356 675 1414 Status
713 1368 775 1414 et
807 1353 1054 1415 ordines
1077 1353 1468 1437 abrogando,
1515 1352 1607 1435 jus
1632 1352 1777 1414 hae-

85 1442 455 1504 reditarium
514 1445 578 1501 in
652 1443 913 1502 Daniam
972 1463 1114 1502 cum
1167 1441 1449 1502 absoluto
1498 1442 1776 1525 Imperio

81 1530 469 1592 induxerunt
490 1534 592 1603 ita,
611 1544 680 1590 ut
704 1530 782 1590 ab
807 1532 990 1590 unius
1009 1532 1170 1613 regis
1196 1530 1462 1589 arbitrio
1484 1529 1774 1613 deinceps

78 1622 288 1679 omnia
350 1619 737 1704 penderent,
782 1639 987 1700 neque
1009 1632 1276 1703 potestas
1318 1619 1487 1701 regia
1534 1616 1775 1700 legibus

83 1705 367 1767 humanis
414 1708 703 1788 deinceps
763 1719 919 1766 esset
968 1708 1450 1789 circumscripta.
1498 1705 1578 1783 a)

239 1796 286 1874 ᾗ.
337 1797 404 1869 4.,
469 1798 695 1853 Status
745 1796 914 1852 Belli
977 1807 1038 1852 et
1091 1798 1390 1852 memoria
1453 1797 1774 1870 Prieipmn

90 1885 392 1941 l'irorzcm
433 1885 708 1940 Dam'ae.
756 1882 849 1942 De
893 1884 1109 1965 primis
1146 1884 1467 1942 Danorum
1500 1882 1776 1964 Regibus

85 1992 432 2052 eorumque
470 1969 642 2029 factis
691 1983 859 2029 tanta
915 1982 1004 2030 est
1050 1973 1215 2030 inter
1251 1973 1581 2052 scriptores
1626 1992 1779 2030 con-

84 2060 319 2128 tenti0‚
389 2071 459 2117 ut
496 2060 558 2118 in
604 2060 916 2140 oppositas
962 2060 1290 2119 sententias
1329 2059 1611 2132 abirent,
1658 2081 1779 2116 un-

86 2144 164 2206 de
203 2157 327 2206 tres
372 2143 740 2228 hypotheses
799 2145 1201 2206 invaluerunt
1238 2168 1462 2230 nempe
1507 2150 1780 2223 Walga-

89 2246 195 2309 ta,
249 2235 710 2313 Gothlandc'oa,
758 2247 820 2293 et
844 2236 1202 2294 Islancliccc:
1236 2237 1457 2313 prima
1479 2249 1621 2294 ante
1643 2235 1778 2293 Ro*

1523 2345 1689 2381 mam

151 2487 212 2562 a)
253 2488 333 2541 Ad
362 2487 647 2559 politicum
683 2487 881 2539 Daniae
912 2497 1114 2541 statum
1150 2486 1362 2539 faciunt
1400 2487 1534 2539 haec
1570 2506 1733 2558 opera
1757 2510 1776 2539 .-

242 2560 326 2611 uti
379 2557 700 2629 Respublica
755 2558 995 2617 Daniae,
1072 2558 1376 2625 Norvegiae
1410 2595 1425 2621 ,
1480 2558 1778 2611 Holsatiae.

248 2628 495 2700 prodivit
545 2627 803 2694 Lugduni
839 2628 1188 2684 Batavorum.
1240 2626 1394 2683 1629.
1442 2627 1499 2678 in
1538 2628 1587 2680 4.
1645 2629 1780 2681 item

242 2698 522 2751 occasione
558 2696 832 2749 bellorum
878 2715 1004 2749 cum
1043 2698 1232 2750 Svecia
1268 2696 1511 2767 prodivit
1546 2700 1639 2749 Jus
1676 2698 1779 2750 Fe-

237 2768 370 2819 ciale
421 2776 660 2819 armatae
711 2766 910 2817 Daniae
979 2777 1168 2818 contra
1217 2767 1480 2818 Sveciam.
1543 2765 1778 2818 Hafniae

241 2836 398 2888 1657.
438 2838 495 2888 in
521 2836 575 2892 4.
613 2835 853 2906 Epistola
890 2834 955 2886 de
999 2837 1194 2888 Daniae
1233 2844 1395 2887 statu.
1430 2835 1776 2888 Francofurti

243 2905 395 2958 1659.
434 2907 491 2958 in
527 2906 579 2957 4.
616 2906 749 2959 item
784 2906 1050 2958 Joaohim.
1088 2906 1528 2975 HagemejeriUS,
1569 2906 1634 2957 de
1666 2916 1779 2956 sta-

243 2985 304 3026 tu
344 2977 542 3027 Daniae
567 3014 580 3036 ‚
621 2975 921 3043 Norvegiae
959 2976 1198 3033 Sveciae.
1230 2973 1578 3028 Francoforti
1617 2974 1773 3028 1678.

247 3043 487 3097 Arnoldi
522 3044 842 3097 Bernhardi.
881 3045 1138 3117 splendor
1168 3045 1369 3100 Daniae
1390 3054 1444 3098 et
1461 3046 1780 3118 Norvegiae,

252 3115 643 3168 An'istelodami
681 3112 832 3168 1655.
