1940 3672
246 222 318 279 8⁴]
804 227 1243 282 IIz'storc'a

151 423 284 461 rem
317 406 746 483 cognationem
781 427 899 487 pro
935 427 997 465 se
1039 404 1362 488 allegabat.
1417 404 1676 463 Interim
1725 404 1838 462 du-

150 504 328 550 rante
367 490 506 566 lite,
545 494 840 552 Proceres
880 494 1169 554 Franciae
1198 493 1567 551 calamitates
1592 505 1839 573 pertae—

146 580 240 652 si,
288 581 563 637 unanimi
606 593 752 638 voto
814 583 1171 655 Philippum
1224 584 1544 639 Valesiani
1602 581 1839 662 Regem

147 666 503 750 elegerunt,
548 664 722 746 cujus
755 688 1132 727 successores
1165 667 1452 749 deinceps
1477 669 1675 748 Reges
1701 672 1838 725 Va·-

147 757 374 813 lesiccrzi
395 753 869 836 appellabantur
894 799 908 827 ,
951 776 1028 812 ex
1071 777 1192 836 qua
1221 756 1474 813 Familia
1501 757 1836 836 Sceptrum

142 843 507 901 Francicum
545 855 885 900 tenuerunt
919 863 1117 923 usque
1175 846 1523 900 Hetzricam
1570 844 1676 900 ΠΙ.
1725 864 1832 901 seu

150 952 380 988 annum
428 928 610 987 1588.
648 950 790 986 cum
830 950 955 1010 quo
990 927 1252 1012 perfidia
1302 928 1589 989 Monachi
1652 932 1834 988 unius

146 1021 450 1078 exstincta
491 1030 583 1076 est
619 1018 804 1098 stirps
845 1016 1205 1077 Valesiana:
1267 1032 1332 1077 et
1385 1020 1671 1076 successit
1707 1017 1836 1077 Do-

144 1127 280 1165 mus
298 1104 667 1177 Borbonica,
716 1126 878 1185 quae
909 1106 972 1163 in
1005 1103 1400 1165 Praefectura
1434 1104 1834 1185 Lugdunensi

145 1207 354 1253 ortum
399 1192 613 1266 debet,
655 1215 731 1251 ex
773 1215 895 1273 qua
955 1192 1158 1253 Domo
1218 1191 1591 1253 descendens
1651 1195 1835 1252 etiam

140 1280 471 1342 hodiernus
490 1281 722 1339 Galliae
741 1281 787 1337 R
800 1283 1142 1341 echvaccs
1165 1284 1245 1339 X.
1264 1303 1404 1339 rara
1423 1278 1748 1362 prudentia
1768 1294 1830 1340 et

140 1369 305 1430 felici
345 1367 887 1428 confoederatione
931 1371 1288 1452 Principum
1330 1369 1376 1427 F
1383 1370 1652 1428 ranciam
1698 1391 1833 1428 mo·-

143 1457 415 1519 deratur.
457 1457 542 1515 Hi
591 1478 802 1516 omnes
840 1458 1040 1538 Reges
1064 1458 1455 1540 Optimatum
1495 1454 1834 1516 authorita—

140 1561 200 1607 te
225 1591 240 1619 ‚
273 1566 460 1630 penes
495 1566 651 1627 quos
691 1546 860 1604 omni
909 1560 1107 1604 aetate
1149 1560 1281 1604 erat
1320 1543 1414 1627 jus
1444 1545 1643 1625 Reges
1683 1566 1834 1603 con-

139 1632 470 1708 stituendi,
529 1632 975 1715 publicumque
1033 1636 1230 1715 gentis
1288 1632 1622 1692 concilium
1672 1633 1835 1692 cele-

136 1721 397 1797 brandi,
445 1723 682 1804 optimo
727 1719 861 1802 jure
918 1721 1345 1802 eligebantur3
1415 1719 1554 1777 filiis
1621 1734 1827 1779 tamen

135 1832 355 1892 regum
382 1855 398 1885 ,
437 1823 498 1869 et
541 1811 612 1867 iis
658 1811 767 1890 qui
810 1807 889 1869 de
920 1809 1152 1868 mortui
1178 1810 1339 1889 regis
1373 1809 1566 1888 stirpe
1609 1819 1826 1881 essent,

139 1910 402 1981 propter
431 1896 704 1957 nobilem
728 1897 1024 1955 virtutem
1044 1941 1062 1971 ‚
1107 1897 1606 1977 praerogativam
1639 1907 1700 1953 et
1726 1916 1830 1954 re—
1888 1975 1891 1979 ¹

139 1988 486 2046 verentiam
531 1984 957 2065 reliquerunt,
1004 1998 1076 2043 ut
1106 2005 1207 2043 eos
1248 1984 1419 2066 quasi
1468 1980 1821 2042 haeredita-

138 2077 232 2134 rie
272 2073 398 2133 aliis
431 2076 563 2154 pari
617 2075 854 2132 virtute
891 2065 1315 2155 praeferrent3
1357 2074 1439 2130 ita
1497 2083 1699 2129 tamen
1754 2084 1826 2129 ut

138 2164 298 2244 regis
329 2161 602 2222 defuncti
634 2159 747 2219 filii
781 2160 878 2220 24.
916 2163 1096 2219 annis
1146 2161 1545 2219 minorennes
1583 2171 1820 2235 essent3

134 2249 415 2332 adeoque
457 2249 769 2330 legitimae
807 2250 1018 2308 aetatis
1057 2249 1371 2332 principes
1429 2268 1643 2307 creare
1678 2267 1822 2330 pos-

137 2350 307 2413 sent,
363 2335 539 2420 cujus
589 2339 679 2397 rei
742 2335 1068 2418 complura
1114 2335 1335 2394 adsunt
1386 2334 1685 2417 exempla.
1753 2335 1820 2393 Si

136 2440 341 2486 autem
374 2423 639 2509 populus
684 2423 812 2482 filio
860 2426 1022 2506 regis
1079 2425 1413 2506 praeterito
1469 2422 1659 2481 alium
1709 2422 1826 2482 eli-

132 2526 347 2597 geret3
391 2513 521 2572 filio
558 2511 662 2571 tali
696 2511 772 2570 ad
800 2534 970 2570 suam
995 2510 1361 2594 dignitatem
1399 2511 1688 2570 tuendam
1723 2530 1821 2570 res

132 2604 432 2686 propriae
452 2622 558 2662 seu
590 2599 1053 2682 patrimoniales
1082 2599 1594 2660 concedebantur.
1644 2599 1823 2659 Aliae

133 2712 288 2750 vero
327 2711 425 2749 res
459 2710 620 2769 quae
661 2690 837 2769 regni
877 2700 939 2747 et
978 2688 1357 2771 reipublicae
1378 2700 1587 2760 erant,
1636 2689 1724 2745 uti
1759 2698 1820 2746 et.

131 2799 230 2838 res
268 2777 315 2836 F
322 2778 424 2837 isci
465 2777 958 2836 attribuebantur
994 2798 1161 2836 novo
1209 2776 1405 2838 electo
1466 2776 1641 2855 Regi.
1712 2777 1818 2830 Se-

75 2879 78 2882 ’
133 2869 329 2925 cando
366 2865 766 2925 observatum
826 2862 979 2922 illud
1026 2886 1270 2948 semper
1325 2864 1483 2937 fuit,
1543 2877 1611 2922 ut
1655 2860 1818 2923 filiae

133 2974 352 3035 regum
401 2977 436 3013 a
472 2954 854 3013 successione
878 2967 1356 3015 removerentur
1387 2952 1407 3030 (
1433 2949 1538 3011 sed
1572 2972 1698 3010 non
1722 2949 1813 3010 le—

131 3061 206 3123 ge
238 3040 456 3123 salica)
498 3042 572 3104 iis
602 3040 918 3127 neglecti5‚
960 3063 1177 3105 eorum
1223 3040 1532 3126 cognatis,
1578 3049 1683 3097 aut
1703 3059 1815 3098 ex—

1575 3139 1725 3188 teris
