1940 3672
449 212 766 268 Gallorum
810 215 871 261 et
914 206 1316 260 Francorum.
1533 202 1651 260 115

75 386 256 446 1498.
306 382 418 443 hoe
461 382 658 440 dicto:
708 381 902 453 Spero
956 401 1049 436 me
1093 381 1259 436 nihil
1276 380 1611 454 facturam
1643 382 1744 437 de·-

67 479 268 548 itzceps
329 492 442 549 qao
496 471 703 525 Deam
749 468 1063 544 offendam.
1144 544 1150 549 ·

225 562 303 619 X.
349 557 695 613 chclovicus
723 556 876 611 XII.
925 556 1066 612 {Dux
1117 552 1583 613 Aurelianensis
1612 573 1747 611 suc-

70 649 279 716 cessit,
325 645 433 723 qui
485 655 553 698 ut
586 663 849 723 regnum
880 639 1353 724 Neapolitanum
1395 638 1747 701 revindica-

71 747 199 806 ret,
244 729 467 811 junctis
518 749 659 786 cum
702 729 987 811 Hispanis
1037 728 1311 804 viribus,
1358 732 1749 787 Fridericum

72 816 328 899 Neapoli
368 815 731 889 deturbans,
780 817 906 900 ejus
963 839 1222 898 regnum
1263 838 1402 875 cum
1456 817 1750 899 Hispanis

70 906 316 978 divisit,
365 926 558 984 quum
610 917 813 963 tamen
874 904 1099 963 divisio
1160 905 1499 985 inaequalis
1551 917 1748 978 esset,

70 994 329 1073 Hispani
387 1013 532 1050 mox
594 990 933 1050 exturbatis
984 991 1124 1051 inde
1184 992 1373 1051 Gallis
1421 993 1502 1071 α)
1550 1005 1752 1052 totum.

67 1080 185 1140 sibi
222 1079 655 1138 vindicarunt:
705 1102 825 1160 qua
860 1082 993 1138 vice
1055 1082 1313 1137 Carolus
1361 1080 1499 1138 Rex
1560 1077 1751 1162 perfi-

68 1167 213 1226 dum
257 1170 640 1225 chdoviczcm
698 1169 1002 1243 Sfortiam
1046 1169 1211 1249 cepit
1256 1189 1377 1224 una
1414 1188 1556 1225 cum
1607 1167 1754 1226 Me-

71 1255 356 1331 diolan03
401 1254 507 1315 sed
561 1254 704 1314 inde
740 1277 992 1337 quoque
1036 1255 1242 1337 pulsus
1291 1268 1381 1313 est
1427 1277 1462 1311 a
1506 1256 1751 1336 conspi-

69 1343 351 1402 rantibus
389 1345 672 1424 Europae
718 1343 1151 1424 PrineipibUS,
1200 1344 1312 1423 qui
1372 1340 1493 1424 jam
1525 1341 1751 1400 invidis

69 1430 410 1491 cernebant
463 1430 653 1490 oculis
718 1430 1039 1489 Gallorum
1103 1432 1164 1487 in
1234 1427 1408 1487 Italia
1464 1449 1755 1511 progres-

65 1540 219 1579 sum.
269 1520 481 1578 Postea
507 1518 793 1579 ‘Venetos
831 1518 1064 1576 afflixit.
1111 1520 1349 1576 saliam
1387 1520 1474 1574 II.
1524 1518 1749 1575 Ponu-

70 1605 248 1665 ficem
292 1609 499 1665 virum
535 1606 1063 1667 bellicosissimum
1087 1652 1102 1680 ,
1136 1606 1323 1665 caede
1368 1605 1583 1665 decem
1614 1603 1755 1662 mil-

71 1693 225 1752 lium
253 1697 574 1777 repressit3
621 1694 725 1755 sed
771 1708 831 1755 et
868 1697 995 1777 ipse
1038 1694 1113 1752 ab
1155 1694 1485 1767 Helvetiis,
1536 1713 1753 1774 magna

74 1781 243 1841 clade
283 1782 533 1841 affectus
578 1798 686 1857 est,
733 1783 902 1864 cujus
931 1803 1171 1840 eausam
1217 1784 1511 1840 Tlmamcs
1547 1782 1607 1861 b>
1654 1803 1755 1840 re-

70 1868 209 1930 fert.
259 1871 548 1930 Ceterum
613 1873 962 1928 Ladom‘cus
1008 1872 1164 1927 XII.
1213 1870 1294 1928 ob
1345 1870 1756 1930 Clementiam

71 1972 133 2018 et
171 1959 484 2017 Justitiam
518 1961 696 2017 Pater
733 1961 976 2018 Patriae
1005 1970 1249 2016 vocatus
1281 1959 1439 2019 obiit
1476 1958 1660 2017 1515.

227 2047 335 2104 Xl.
429 2049 800 2105 Francisczcs
835 2049 887 2104 I.
942 2049 1230 2104 Valesius
1268 2048 1590 2130 proximus
1621 2048 1755 2103 Lu—

71 2136 270 2192 clovici
312 2137 466 2191 XII.
515 2149 801 2216 agnatUS,
849 2135 1027 2193 initio
1079 2137 1283 2193 statim
1331 2157 1472 2195 cum
1518 2136 1755 2194 exerci-

75 2237 143 2280 tu
200 2223 263 2279 in
312 2221 552 2281 Italiam
605 2221 959 2304 profectus,
1026 2222 1245 2282 obvios
1303 2223 1423 2283 sibi
1494 2225 1758 2280 invictos

74 2309 397 2369 Helvetios
451 2312 633 2381 vicit,
681 2312 986 2369 Ducatum
1020 2310 1543 2371 Mediolanensem
1574 2330 1758 2369 rece-

78 2400 207 2481 pit,
255 2401 763 2456 Maximilicmam
809 2401 1117 2473 Sforciam
1177 2402 1505 2483 captivum
1565 2396 1760 2456 abdu—

77 2487 205 2543 xit:
254 2501 551 2569 perpetua
586 2488 766 2568 gessit
810 2486 969 2546 bella
998 2508 1140 2546 cum
1196 2491 1419 2547 Carolo
1470 2489 1546 2545 V.
1595 2485 1754 2546 Ger-

80 2576 320 2634 maniae
355 2576 770 2657 Imperatore,
819 2599 854 2633 a
882 2598 1008 2658 quo
1057 2578 1242 2637 etiam
1270 2577 1334 2636 in
1364 2574 1607 2660 proelio
1656 2575 1759 2631 Ti-=

870 2665 913 2720 ll
963 2669 996 2724 2
1437 2663 1673 2720 elnensi

144 2866 201 2930 a)
242 2863 390 2915 Paul.
424 2863 611 2916 Jovius
644 2864 701 2913 L.
734 2864 785 2917 2.
826 2893 896 2904 —-
927 2861 978 2915 4.
1016 2863 1154 2917 Phil.
1187 2865 1512 2917 Cominaeus
1548 2864 1615 2917 de
1631 2864 1765 2928 bell.

234 2934 465 3001 Neapol.
505 2935 566 2986 L.
630 2933 681 2991 1.
715 2964 785 2973 —-
841 2935 892 2987 5.
930 2934 1173 2987 Mariana
1209 2936 1275 2987 de
1310 2935 1431 2992 reb.
1469 2936 1694 3006 Hispan.

238 3001 308 3074 b)
347 3003 627 3056 Thuanus.
661 3004 803 3061 Hist.
840 3005 904 3058 L.
944 3002 995 3061 1.
1044 3023 1100 3076 p.
1145 3003 1223 3060 11.
1262 3025 1313 3065 a.
1345 3006 1475 3061 edit.
1520 3008 1764 3065 Genuen.

236 3082 291 3125 et
328 3073 392 3127 L.
426 3071 474 3127 5.
516 3091 571 3144 p.
607 3071 689 3128 12.
