1940 3672
164 224 446 318 magnis
492 223 949 296 successibus
984 229 1338 297 continno
1386 228 1834 325 impendisti,

163 340 411 433 thue
449 340 829 410 Altissimo
854 342 1107 412 litares
1136 344 1590 413 Sacrificium
1611 416 1627 441 2
1669 373 1846 414 mox

165 454 667 548 pulcherrima
737 463 1255 543 contentione,
1316 459 1645 556 undique
1717 461 1850 532 TE

166 569 791 667 Theologicarum
848 577 1323 645 scientiarum
1379 578 1852 648 Praefectum

164 684 462 754 Posonii
522 686 1031 780 expetebant³
1092 688 1291 758 unde
1338 690 1436 759 ad
1483 691 1849 788 amplissi-

164 824 328 868 mae
365 800 586 869 Urbis
625 802 1024 874 Pestiensis
1088 806 1528 877 Parochiam
1585 809 1849 878 Pasto-

162 915 302 983 rali
341 914 506 985 zelo
544 913 1208 992 administrandam
1246 938 1642 1006 evocatus,
1679 923 1851 992 bre-

160 1035 236 1100 vi
278 1045 447 1127 post
477 1033 746 1103 Curam.
769 1035 1210 1107 Animarum
1250 1039 1588 1135 pluribus
1627 1042 1841 1108 annis

163 1149 241 1216 in
281 1149 624 1218 Kemend
658 1151 943 1238 obiisti3
978 1153 1176 1224 unde
1217 1181 1394 1225 mox
1421 1159 1500 1225 in
1551 1156 1855 1225 Sacrum

164 1263 722 1336 Posoniensium
748 1323 767 1351 ,
803 1266 979 1337 dein
1016 1295 1195 1339 vero
1218 1272 1366 1368 jam
1401 1295 1599 1340 anno
1649 1294 1852 1365 1792.

165 1378 737 1452 Varadiensium
806 1385 1350 1456 Canonicorum
1431 1386 1857 1484 Collegium

166 1495 393 1567 fueris
428 1513 856 1595 cooptatus3
906 1501 1033 1570 ubi
1061 1501 1237 1572 dum
1289 1528 1573 1574 summo
1612 1501 1856 1575 studio

169 1637 260 1682 ac
282 1612 672 1710 diligentia
698 1616 1105 1687 concrediti
1125 1619 1327 1689 TIBI
1339 1620 1669 1690 Muneris
1690 1643 1857 1716 par-

169 1743 279 1799 tes
318 1729 541 1825 plene
578 1756 668 1801 ac
732 1733 1121 1802 Cumulate
1158 1735 1664 1830 explevisses‚
1730 1761 1859 1804 ex-

169 1843 409 1913 celsus
439 1857 689 1913 tamen
715 1849 1001 1916 animus
1035 1860 1110 1915 et
1142 1846 1465 1943 flagrans
1487 1846 1857 1931 CharitaS,

166 1984 257 2028 ac
290 1958 521 2030 effusa
543 1958 641 2029 ad
668 1959 1288 2030 benefaciendum
1314 1960 1690 2045 voluntas,
1725 1987 1850 2032 an-

166 2079 393 2170 gustis
431 2075 545 2147 his
585 2076 944 2149 limitibus
982 2080 1346 2148 contineri
1387 2080 1690 2147 minime
1725 2103 1854 2174 po-

166 2195 307 2261 tuit
335 2248 355 2275 ,
406 2192 537 2263 sed
575 2194 911 2265 omnibus
951 2209 1029 2264 ut
1059 2197 1308 2264 omnia
1346 2193 1655 2277 fierent„
1723 2194 1858 2264 TE

167 2308 723 2405 promovendae
759 2314 1084 2406 proximi
1142 2311 1314 2380 TUI
1365 2310 1589 2381 saluti
1623 2324 1861 2380 totum

170 2425 561 2497 devovisti.
597 2428 777 2521 Quis
809 2431 1005 2496 enim
1028 2428 1667 2523 procurandarum
1702 2430 1858 2497 ani-

171 2566 455 2612 marum
486 2541 808 2613 studium
828 2598 846 2625 ,
882 2542 1291 2639 Religionis
1324 2542 1680 2613 tutandae
1710 2567 1856 2611 am-

169 2658 771 2756 plificandaeque
844 2674 1185 2730 conatum
1215 2714 1235 2742 ,
1299 2657 1856 2756 promovendae

170 2784 350 2848 item
392 2781 694 2873 pietatis
745 2775 1125 2846 solertiam
1171 2780 1243 2845 in
1281 2778 1859 2871 Antistitequo-

174 2893 345 2965 dam
383 2892 802 2973 desideret?
837 2918 1067 2989 quam
1098 2894 1237 2965 TU
1264 2896 1342 2964 in
1373 2893 1597 2966 Alma
1635 2894 1852 2962 Dioe-

1642 3032 1755 3079 ce·
