1940 3672
454 190 774 244 Gallorum
819 195 880 240 et
931 185 1339 251 Francorum,
1553 186 1633 246 99

35 364 154 427 lius
205 367 576 425 Clodovczeus
617 362 744 416 III.
791 357 962 442 cujus
1031 359 1412 421 inhabilitate
1459 364 1719 438 Plpimcs

53 458 266 512 Caroli
304 451 592 510 stlat-belli
625 461 801 528 pater
858 470 1104 508 omnem
1142 462 1507 530 potestatem
1542 448 1616 507 ad
1655 472 1720 511 se

46 545 251 600 traxit.
313 541 382 596 Ei
425 549 562 618 post
598 548 866 615 quatuor
898 558 1086 596 annos
1134 537 1419 597 suffectus
1466 551 1555 596 est
1597 535 1718 595 fra-

42 643 138 688 ter
187 627 602 685 Clcilclebertas
654 621 797 683 694.
845 626 954 705 qui
1009 646 1123 707 per
1188 628 1282 684 17.
1330 647 1521 684 annos
1572 624 1717 683 Gal-

42 715 187 773 liam
220 715 348 772 sine
388 711 594 770 fructu
638 708 998 783 moderans,
1045 711 1243 771 filium
1276 713 1715 789 Dagobertam

43 804 132 858 II.
181 819 587 860 successorem
631 793 843 856 hahuit
907 800 1046 858 711.
1094 802 1204 881 qui
1250 823 1364 884 per
1415 802 1470 860 5.
1525 822 1716 859 annos

41 889 273 969 Regem
311 899 703 967 personatum
743 899 981 944 tantum
1037 890 1164 969 egit
1179 933 1195 963 ,
1243 910 1433 970 quem
1476 889 1715 965 Clzilpe-

41 980 206 1032 ricus
249 973 441 1032 frater
480 994 556 1031 ex
591 972 895 1032 coenobio
931 987 1239 1034 extractus
1288 978 1534 1059 excepit
1572 977 1713 1036 715.

39 1063 150 1121 sub
200 1083 324 1142 quo
365 1063 645 1119 Carolus.
700 1063 1040 1118 flIccrtellas
1082 1061 1299 1121 Palatii
1355 1062 1718 1145 dignitatem

38 1152 292 1224 invasit3
338 1152 447 1230 qui
513 1150 860 1223 Chilperico
911 1162 1199 1222 mortUO‚
1274 1152 1715 1209 Theodericum

34 1237 372 1320 Dagoberti
422 1235 619 1295 filium
669 1237 906 1317 Regem
971 1234 1321 1313 substituit3
1389 1261 1515 1320 quo
1571 1241 1713 1299 755.

32 1331 316 1399 mortuo,
365 1327 803 1401 Interregmcm
845 1337 1078 1405 septem
1139 1347 1446 1384 annorum
1500 1347 1719 1407 seque-

31 1413 252 1486 batur,
292 1413 518 1495 quibus
563 1414 824 1470 Carolus
849 1413 1188 1469 fflartellccs
1219 1428 1487 1473 assumto
1529 1415 1718 1473 Ducis

32 1501 234 1575 titulo,
264 1521 615 1584 supremam
645 1497 1078 1559 authoritatem
1103 1503 1401 1576 exercuit,
1448 1514 1509 1562 et
1547 1524 1716 1561 mor-

32 1602 171 1648 tuus
200 1589 353 1649 duos
393 1587 552 1648 filios
593 1586 851 1669 reliquit
889 1590 1181 1663 Pipinum
1217 1603 1278 1649 et
1320 1592 1717 1648 Carolomcm-

29 1699 194 1752 mam,
236 1675 333 1735 hic
360 1680 423 1735 in
459 1674 827 1736 coenobium
867 1675 1096 1745 abivit,
1146 1678 1406 1754 Pipitzus
1443 1699 1596 1738 vero
1628 1677 1716 1736 al-

32 1766 193 1824 tiora
217 1779 461 1847 pete1183
507 1762 654 1821 dum
690 1765 1312 1846 septimointerregni
1346 1789 1507 1824 anno
1543 1768 1711 1823 Chil-

30 1855 271 1910 clericas
293 1854 419 1909 III.
468 1850 824 1910 titulotenus
858 1864 1091 1909 tantum
1125 1867 1279 1912 esset
1323 1875 1435 1912 rex
1459 1854 1713 1912 ultimus

28 1961 248 2021 regum
266 1939 856 2020 Merovingicorum,
897 1938 964 2014 (ι)
1007 1942 1265 2015 Pipimes
1291 1941 1505 2000 Palatii
1528 1943 1715 2002 Prae-

29 2025 222 2086 fectus
272 2048 377 2086 seu
425 2025 627 2109 Major
661 2025 897 2099 domus,
940 2026 1361 2109 stupiditatem
1410 2031 1714 2088 Chimeri-

27 2117 86 2171 οἱ
119 2126 522 2198 praetexens2
569 2137 602 2173 a
648 2113 947 2175 Pontifiee
1001 2115 1269 2198 Regium
1307 2117 1555 2176 titulum
1600 2140 1713 2200 po·-

739 2224 786 2280 g
835 2206 869 2261 2
1497 2216 1617 2265 stu-

94 2416 164 2477 a)
203 2411 471 2481 Rhegino.
513 2414 575 2466 L.
613 2413 662 2466 2.
698 2413 968 2467 Freherus
1000 2415 1360 2486 Marquardus
1398 2418 1457 2469 in
1493 2418 1707 2487 Corpo-

181 2498 241 2533 re
280 2500 377 2535 suo
431 2485 702 2536 Historiae
754 2485 1038 2537 Francicae
1073 2487 1169 2539 uhi
1206 2506 1368 2558 opera
1403 2498 1532 2540 sunt
1569 2489 1707 2539 Gre-

179 2553 319 2619 gorii
375 2553 710 2606 Turonensis
754 2564 808 2605 et
842 2555 1168 2623 Fredegarii.
1201 2559 1355 2610 Item.
1410 2558 1477 2610 de
1514 2559 1701 2610 Mero-

184 2622 410 2691 vingicis
440 2625 686 2693 regibus,
734 2624 856 2674 vide
912 2625 1177 2678 Hadriani
1210 2628 1412 2680 Valesii
1467 2628 1702 2679 Annales

181 2709 289 2742 rer.
325 2695 722 2758 Francicarum.
764 2693 979 2746 Parisiis
1031 2695 1182 2748 1646.
1223 2698 1469 2748 Andreae
1501 2698 1695 2767 Sylvii.

184 2761 459 2832 Synopsin
515 2764 782 2814 Historiae
821 2763 1238 2834 Merovingicae.
1303 2767 1490 2823 Duaei.
1546 2765 1699 2818 1633.

181 2831 425 2882 Andreae
460 2832 535 2883 du
572 2832 779 2883 Chesne
813 2837 1105 2901 scriptores
1149 2853 1261 2891 rer.
1293 2836 1691 2888 Francicarum.

181 2900 342 2952 Jenae
373 2900 530 2955 1703.
567 2901 624 2951 in
662 2902 710 2953 ὃ.
744 2902 1045 2954 Godofredi
1095 2905 1441 2957 Henschenii.
1474 2907 1700 2957 Dissert.

186 2970 252 3038 d‘e
287 2971 462 3022 tribus
512 2971 845 3039 Dagobertis.
869 2974 1196 3044 Antverpiae
1231 2974 1378 3026 1655.
1416 2978 1568 3033 Jean.
1598 2976 1699 3026 Sa·-

186 3058 355 3092 varon
390 3040 659 3105 Lugduni.
695 3039 847 3094 1622.
878 3043 955 3096 Le
998 3043 1165 3098 Fevre
1198 3045 1551 3099 Chantereau.
1599 3047 1703 3100 Pa-

180 3111 342 3166 risiis,
380 3108 534 3169 1647.
574 3110 631 3163 in
661 3109 710 3163 4.
