1940 3672
280 151 405 211 256
817 159 1272 217 IIistoria.

192 322 343 384 illud
394 330 455 386 in
488 328 931 394 consobrinum
967 356 1142 395 suum
1190 337 1482 394 Cat-olam
1533 337 1881 392 Gastavzcm
1939 324 1940 334 ¹

200 416 384 474 1654.
442 419 785 496 transtulit3
847 423 973 505 ipsa
1044 445 1195 484 vero
1259 422 1497 484 detecta
1539 423 1879 504 Religionis

191 502 536 567 Catholicae
595 511 892 583 veritate,
967 511 1326 571 Doctrinam
1381 509 1881 570 Lutheranorum

193 590 395 672 palam
434 597 767 677 respiciens
799 599 1062 657 Romam
1098 623 1158 660 se
1191 603 1447 684 recepit,
1482 601 1696 681 ibique
1727 598 1885 656 obiit

193 685 715 761 praestantissima
754 689 969 767 regina
1007 687 1429 750 Literatorum
1478 688 1707 746 fautrix
1735 733 1750 759 7
1809 685 1886 744 ad

197 788 381 846 quam
419 771 780 832 celeberimi
830 778 953 834 viri
1010 789 1325 859 tamquam
1377 777 1451 836 ad
1509 775 1885 860 praesidium

199 855 651 938 confugerunt3
696 864 789 919 uti
832 867 1176 940 Cartesizcs‘,
1215 869 1562 925 Salmasius
1595 878 1656 924 et
1681 864 1779 921 alii
1823 864 1890 942 α)

366 951 626 1007 Carolus
672 954 751 1008 X.
804 955 1121 1010 Gascavas
1170 956 1346 1014 initio
1397 957 1602 1013 statim
1649 951 1882 1010 bellum

194 1031 446 1094 Polonis
486 1037 757 1098 inferens
782 1085 797 1113 ‚
844 1063 946 1101 eos
970 1040 1264 1103 triduano
1306 1042 1544 1125 proelio
1581 1041 1656 1099 ad
1691 1043 1887 1097 [Var-

198 1123 450 1182 sowiam
487 1126 874 1210 profligavit,
923 1154 1046 1213 qua
1085 1154 1406 1190 armorum
1439 1130 1733 1190 felicitate
1759 1150 1889 1186 am-

200 1210 428 1293 pliores
446 1213 643 1274 adhuc
674 1220 962 1278 victorias
982 1232 1411 1301 reportaturus
1432 1231 1582 1292 erat,
1609 1220 1722 1275 nisi
1761 1217 1891 1275 Da-

200 1321 430 1360 norum
463 1301 708 1364 hostiles
757 1308 819 1364 in
859 1309 1141 1367 Sveciam
1184 1311 1563 1392 irruptiones
1611 1328 1754 1366 eum
1791 1326 1891 1363 re-

202 1406 556 1465 vocassent,
595 1407 811 1454 contra
850 1419 1006 1478 quos
1041 1399 1175 1480 pari
1215 1395 1545 1456 hostilitate
1578 1392 1891 1477 profectus

199 1497 347 1536 mox
382 1481 758 1542 Cimbricam
798 1484 1249 1544 Chersonesum
1290 1487 1619 1567 occupavit
1645 1528 1658 1555 ,
1722 1479 1887 1539 unde

201 1570 527 1628 saevientis
566 1567 798 1651 hyemis
831 1572 1130 1632 beneficio
1180 1595 1291 1655 per
1332 1597 1501 1632 mare
1537 1573 1722 1653 glacie
1740 1592 1889 1628 con-

202 1658 489 1714 strictum
531 1661 593 1716 in
627 1661 821 1742 ipsam
862 1660 1229 1721 Sielandiam
1265 1664 1529 1743 irrupit,
1578 1659 1740 1718 unde
1775 1657 1890 1715 toti

203 1739 436 1805 Daniae
473 1760 711 1805 tantum
749 1751 1003 1809 incussit
1046 1763 1371 1824 terrorem,
1410 1763 1480 1806 ut
1509 1769 1722 1830 pacem
1747 1766 1894 1828 prae

205 1827 369 1892 bello
415 1833 799 1916 flagitarent,
839 1859 996 1920 quae
1017 1839 1202 1897 etiam
1236 1839 1661 1896 Rosclzilclensi
1705 1837 1764 1890 in
1789 1855 1897 1890 ur-

205 1917 282 1979 be
313 1921 585 1981 confecta
631 1939 755 1985 cst:
821 1929 886 1985 vi
954 1923 1128 2006 cujus
1192 1927 1513 1999 Scaniam,
1572 1920 1896 1982 Hollaudi—

205 2031 303 2066 am
367 2025 427 2069 et
481 2012 877 2096 Bleckingam
919 2015 1186 2097 accepit:
1235 2015 1337 2074 sed
1379 2036 1530 2099 pace
1570 2013 1752 2071 brevi
1802 2012 1892 2067 in«

206 2112 489 2183 tei-rupta
513 2144 528 2172 ‚
576 2116 745 2160 tanto
769 2102 983 2164 furore
1001 2102 1235 2163 bellum
1273 2103 1632 2176 recruduit3
1681 2101 1898 2181 utipsa

203 2189 569 2271 metropolis
605 2194 861 2267 Hafnicz
900 2193 1036 2251 dira
1091 2190 1413 2251 obsidione
1464 2202 1855 2274 premeretur
1883 2231 1898 2259 ‚

209 2298 332 2356 qua
366 2277 630 2338 durante
686 2284 947 2340 Carolus
1001 2284 1318 2338 Gastcwas
1376 2281 1537 2340 obiit
1583 2278 1766 2338 1660.
1835 2275 1899 2353 h)

1693 2367 1812 2421 Ca-

278 2596 337 2668 a)
379 2596 681 2647 Historiam
715 2594 1020 2646 Christinae
1061 2593 1298 2662 Reginae
1344 2593 1598 2663 exposuit
1637 2591 1896 2642 Galeazus

370 2667 610 2718 Gualdus
642 2666 866 2723 Romae.
918 2663 1072 2716 1656.
1106 2666 1208 2715 alia
1263 2665 1377 2731 ejus
1430 2663 1668 2714 Historia
1708 2661 1903 2731 prodi-

365 2739 448 2789 vit
483 2735 832 2789 Francofurti
873 2733 1025 2788 1698.
1064 2736 1460 2804 Panegyricum
1497 2733 1731 2800 Reginae
1766 2731 1903 2781 scri-

367 2810 477 2880 psit
515 2806 748 2862 Michael
784 2806 1136 2876 Capellarius‚
1168 2807 1223 2857 in
1244 2802 1717 2860 Christinade,seu
1739 2802 1905 2852 Chri-

368 2880 510 2931 stina
561 2880 826 2940 lustrata,
881 2877 1120 2927 Venetiis
1179 2873 1333 2926 1700.
1375 2874 1430 2924 in
1466 2874 1515 2928 4.
1570 2871 1622 2937 b)
1681 2871 1900 2922 Samuel

368 2949 801 3006 Puffendorfius,
837 2946 902 2996 de
939 2948 1102 3016 gestis
1139 2944 1320 2996 Caroli
1356 2944 1599 2995 Gustavi.
1637 2942 1904 2992 Noriber-

372 3038 464 3084 gae
506 3018 653 3071 1698.
690 3019 778 3071 Sr.
811 3016 877 3068 dc
913 3015 1100 3071 Prade.
1155 3015 1396 3068 Historia
1446 3013 1624 3066 Caroli
1675 3010 1899 3063 G-ustavi

371 3092 592 3142 Parisiis
638 3088 789 3140 1686.
