1940 3672
660 129 870 199 llis-p
893 147 1244 182 anorum.
1590 125 1668 184 25

73 310 150 367 sis
194 307 333 368 inde
372 306 751 392 praesidibus
782 306 1108 377 Romanis,
1156 325 1418 387 regnum
1457 304 1573 364 sibi
1600 325 1749 363 con-

77 395 400 468 diderunt,
445 395 558 453 sub
590 414 735 472 rege
791 395 1053 450 Alarico
1116 415 1150 450 a
1202 391 1309 452 Ch.
1393 394 1533 451 507.
1581 390 1755 472 quod

75 483 189 541 sub
231 485 576 540 Rea-enredo
626 479 883 553 florens,
949 478 1196 540 tandem
1244 494 1388 562 post
1453 478 1750 538 ducentos

79 583 141 628 et
188 570 441 651 amplius
501 588 689 624 annos
751 567 866 625 sub
898 571 1199 626 Rodem'co
1253 566 1327 645 (*
1377 570 1753 628 exstinctum

74 669 163 715 est
213 656 289 714 ad
331 678 380 713 a.
431 656 572 714 714.
620 676 734 735 per
773 655 1143 729 SaracenOS,
1190 656 1298 737 qui
1336 655 1482 714 alias
1527 657 1752 711 ῘΙῙαιινὶ

75 742 473 816 dicebantur,
518 742 631 824 qui
669 741 917 801 subacta
968 744 1303 826 Hispania,
1351 766 1483 803 rem
1530 738 1752 802 Gothi-

69 850 204 888 cam
251 831 315 885 in
353 828 532 911 plura
571 850 762 910 regna
802 830 1238 890 distraxerunt.
1330 830 1502 891 Bello
1540 850 1756 911 super-

71 919 238 976 stites
285 938 483 999 quum
525 919 589 975 in
627 916 963 990 Austrum,
1009 918 1467 977 Cantabrorum
1518 932 1580 977 et
1612 916 1756 974 Gal-

70 1004 381 1065 laecorum
433 1003 749 1064 montibus
783 1018 973 1077 semet
1034 1006 1478 1079 munivissent‚
1543 1004 1755 1088 paula-

75 1095 188 1156 tim
238 1094 480 1151 amissas
534 1093 816 1172 regiones
868 1092 1054 1151 urbes
1111 1105 1171 1152 et
1203 1092 1446 1152 castella
1491 1114 1755 1173 recupe-

75 1193 329 1253 rarunt,
377 1193 437 1240 et
491 1180 944 1239 Saracenorum
1005 1200 1102 1239 res
1147 1193 1463 1261 utcunque
1508 1195 1759 1238 eontra-

74 1281 332 1343 xerunt3
378 1271 464 1327 sic
525 1271 979 1326 Saracenorum
1025 1290 1213 1350 regna
1267 1281 1473 1326 erant:
1521 1266 1759 1325 Cordu-

75 1357 187 1429 ba,
257 1354 412 1432 (ubi
494 1377 768 1416 summus
854 1355 1143 1415 Califatus
1200 1354 1367 1433 fuit)
1438 1354 1763 1426 Toletum,

67 1444 356 1516 Granata,
404 1444 712 1516 Valentia,
762 1446 1022 1518 Murcia,
1077 1445 1575 1501 Christianorum
1605 1465 1759 1502 vero

68 1531 357 1604 Asturia,
404 1533 821 1613 Legionense,
871 1555 947 1592 ex
985 1534 1155 1612 cujus
1201 1545 1376 1614 parte
1431 1529 1757 1612 Portugal—

72 1620 152 1679 lia
203 1634 378 1678 enata
417 1635 540 1693 est,
589 1643 638 1678 a.
689 1623 872 1680 1159.
921 1617 1138 1699 (cujus
1187 1622 1429 1701 primus
1475 1641 1587 1679 rex
1638 1621 1762 1677 Al-

64 1709 343 1784 plzonszcs
396 1710 586 1766 VIII.
647 1709 821 1787 erat)
868 1707 1147 1780 Castilia,
1194 1707 1508 1780 Navarra,
1556 1706 1756 1765 Arra—

72 1798 288 1876 gonia‚
328 1796 709 1877 Suprarbia,
758 1809 896 1857 etc:
938 1797 1262 1855 Postremo
1319 1817 1462 1853 cum
1516 1786 1766 1853 Sarace-

77 1905 303 1943 norum
349 1905 446 1942 res
472 1884 533 1940 in
554 1885 798 1944 Baetica
830 1882 1006 1942 bellis
1035 1884 1323 1943 civilibus
1358 1897 1765 1943 concuteren—

74 1984 216 2046 tur,
264 1973 491 2030 sensim
558 1969 891 2030 Christiani
952 1973 1195 2032 amissas
1243 1974 1598 2054 provincias
1665 1993 1765 2030 re—

73 2072 495 2139 cuperarunt,
543 2073 604 2117 et
653 2059 775 2117 duo
822 2081 1013 2141 regna
1051 2077 1268 2141 magna
1322 2063 1410 2118 uti
1462 2062 1768 2118 Castiliae

81 2160 144 2205 et
194 2150 601 2224 Arragonicze
647 2149 1140 2222 constituerunt,
1188 2169 1347 2229 quae
1394 2147 1619 2208 divisio
1664 2169 1766 2205 us—

74 2256 197 2316 que
257 2234 334 2293 ad
403 2238 864 2293 Ferclinanclam
949 2239 1333 2294 Catholicum
1388 2237 1765 2320 permansit,

78 2324 187 2404 qui
242 2323 365 2382 duo
399 2321 497 2379 illa
545 2345 735 2404 regna
786 2345 901 2406 per
954 2327 1196 2406 nuptias
1250 2326 1556 2382 Isabellae
1620 2345 1767 2382 con-

76 2409 374 2493 jungens,
422 2409 710 2493 deinceps
749 2433 812 2470 se
864 2413 1117 2473 unicum
1165 2413 1611 2495 Hispaniarum
1666 2434 1761 2471 re-

75 2519 215 2579 gem
262 2501 471 2559 vocari
519 2497 696 2580 jussit
747 2522 796 2556 a.
855 2502 1039 2561 1479.
1099 2503 1342 2560 Causae
1388 2500 1770 2560 decrementi

81 2591 393 2665 potentiae
452 2587 856 2647 Saracenicae
903 2603 1078 2647 erant
1120 2590 1163 2646 I.
1213 2591 1633 2648 Dissensiones
1675 2590 1767 2644 in-

81 2686 176 2732 ter
239 2677 400 2759 ipsos
449 2675 701 2734 Mauros
751 2689 959 2750 ortae,
1029 2690 1090 2735 et
1156 2675 1316 2736 bella
1379 2676 1598 2735 civilia.
1692 2677 1766 2733 ΙΙ.

1522 2764 1681 2833 Quia

237 2894 302 2966 *)
381 2897 587 2950 Seriem
622 2899 834 2970 Regum
868 2902 1238 2972 Hispanorum
1279 2910 1441 2970 prout
1472 2901 1638 2953 Gothi
1678 2920 1773 2953 oc-

85 2974 390 3034 cuparunt,
427 2980 744 3038 sequentem
770 2970 990 3022 damus:
1036 2972 1073 3022 Ι.
1105 2970 1282 3023 Gothi
1313 2971 1504 3040 Reges
1536 2972 1774 3025 Ariani.

77 3034 311 3088 Initium
373 3036 684 3091 Gothorum
736 3057 904 3110 regno
958 3041 1110 3093 dedit
1155 3041 1375 3111 quidem
1426 3042 1778 3113 ΑΙαιιΙῃῆιιε,
