1940 3672
562 200 1144 275 Hispanorum.
1579 199 1658 256 19

56 410 179 470 que
219 390 459 448 Praeses
511 395 572 443 et
628 384 720 440 12.
793 379 1120 439 Senatores
1182 392 1355 437 sunt:
1418 402 1451 434 a
1507 377 1735 459 quibus

58 476 386 559 appellatio
438 471 507 529 fit
558 468 632 527 ad
695 462 973 527 Senatum
1029 469 1310 548 Regium.
1404 468 1508 524 Est
1551 468 1735 524 etiam

74 562 531 622 Theseius-ciricis
589 558 978 613 Castellamcs
1001 556 1111 636 qui
1136 555 1251 614 sub
1274 576 1337 614 se
1366 551 1553 612 habet
1584 576 1737 635 qua-

52 665 196 711 tuor
254 655 654 723 Quaestor-es,
707 645 815 725 qui
856 644 1140 725 pecunias
1207 645 1382 724 regni
1439 655 1737 714 tractant,

50 753 112 797 et
163 737 239 797 de
293 737 374 795 eis
441 734 708 792 rationes
760 732 1049 794 reddunt.
1139 731 1434 791 Ceterum
1481 743 1730 791 mortuo

60 828 278 882 Carolo
332 825 422 882 II.
483 823 613 880 sine
683 817 977 893 haerede,
1033 840 1248 900 magna
1308 821 1734 881 controversia

50 911 304 985 dejure
348 912 745 967 successionis
785 910 1177 982 Hispanicae
1234 921 1370 965 orta
1413 906 1568 980 fuit,
1632 910 1728 965 in-

49 1013 143 1058 ter
187 1001 567 1055 Lacloviczmz
617 999 803 1053 XIV.
861 993 1097 1053 Galliae
1160 1015 1409 1075 regem,
1457 1010 1519 1054 et
1571 998 1730 1054 Leo-

33 1089 290 1162 polclam·
346 1085 710 1159 Germaniae
749 1085 1228 1164 Imperatorem,
1295 1085 1401 1162 qui
1449 1084 1727 1159 Philippi

47 1175 166 1230 IV.
215 1174 547 1257 Hispaniae
579 1175 741 1255 regis
781 1170 932 1229 filias
976 1171 1040 1227 in
1070 1169 1386 1227 connubio
1434 1183 1729 1247 teiiente5‚

39 1259 114 1320 de
168 1259 304 1340 jure
336 1261 727 1321 successionis
776 1260 1146 1342 Hispanicae
1201 1256 1543 1339 disceptare
1598 1275 1723 1318 sta-

37 1361 325 1425 tuerunt3
373 1372 498 1432 quo
551 1347 713 1409 bello
765 1346 1029 1407 durante
1085 1345 1382 1428 Hispania
1426 1345 1504 1404 ad
1538 1349 1726 1408 semel

37 1435 190 1496 duos
225 1438 423 1522 Reges
468 1435 702 1509 habuit,
752 1456 975 1518 nempe
1018 1436 1378 1510 Philippum
1421 1439 1494 1492 V.
1545 1436 1722 1494 Prin-

33 1526 236 1607 cipem
260 1524 772 1608 Andegavensem
795 1526 966 1583 cuius
1012 1524 1182 1604 regia
1216 1523 1387 1584 sedes
1411 1536 1544 1584 erat
1576 1526 1725 1581 Ma-

39 1616 290 1671 clribzcm⁶
393 1618 655 1673 Carolus
729 1614 838 1672 III.
887 1613 1243 1692 Hungariae
1301 1634 1454 1685 rex,
1511 1625 1574 1670 et
1610 1611 1727 1672 hoc

34 1703 287 1762 nomine
330 1704 387 1761 V
392 1706 435 1763 I.
478 1707 824 1786 Imperator
865 1701 1270 1775 Germaniae,
1318 1703 1616 1776 Leopoldi
1642 1701 1727 1758 al-

30 1802 126 1849 ter
171 1786 328 1848 filius
376 1793 631 1873 Regiam
666 1788 874 1850 sedem
915 1787 1130 1845 habuit
1165 1792 1580 1847 Barcellonae
1622 1812 1726 1847 us-

32 1899 155 1956 que
221 1881 401 1938 1711.
452 1897 578 1960 quo
627 1901 787 1937 anno
844 1879 1193 1959 Imperator
1250 1877 1516 1949 electuS,
1588 1892 1720 1936 tana

32 1963 173 2023 dem
221 1966 721 2026 contentionibus
787 1965 974 2024 finem
1028 1966 1501 2045 imposueruunt
1571 1990 1719 2047 pace

48 2055 474 2127 Ultrajectina
525 2058 707 2114 1714.
752 2056 812 2111 vi
857 2050 1031 2133 cujus
1095 2057 1421 2131 Philippus
1480 2058 1554 2112 V.
1600 2059 1723 2114 Re»

32 2162 226 2221 gnum
275 2143 607 2225 Hispaniae
646 2157 707 2202 et
743 2142 1096 2201 Americam
1132 2145 1405 2202 retinuit.
1463 2146 1722 2201 Carolus

37 2232 150 2286 VI.
201 2234 548 2312 Imperator
583 2253 734 2291 vero
781 2231 1129 2313 provincias
1170 2246 1346 2290 antea
1388 2231 1721 2313 Hispaniae

29 2316 333 2399 subjectas
398 2321 770 2402 acquisivit,
824 2320 914 2376 uti
951 2318 1232 2400 Belgium
1291 2320 1714 2401 Hispanicum,

23 2404 312 2486 Regnum
349 2407 843 2490 Neapolitanum,
884 2406 1251 2483 Sardiniam,
1291 2422 1353 2469 et
1402 2409 1709 2468 Ducatum

25 2493 566 2556 Mediolanensem.
637 2497 928 2555 Ceterum
961 2497 1226 2555 excitata
1277 2521 1311 2555 a
1351 2495 1542 2555 Gallis
1610 2522 1709 2558 re-

28 2580 264 2641 volutio
324 2607 451 2643 non
492 2606 713 2665 parum
758 2583 1217 2644 intel-turbabat
1252 2586 1436 2645 etiam
1481 2585 1709 2668 Hispa-

19 2667 172 2729 niae
205 2684 468 2745 statum,
519 2695 657 2730 nam
712 2675 1086 2746 Napoleonis
1132 2673 1372 2732 artibus
1419 2675 1484 2729 in
1541 2679 1709 2755 regia

21 2753 249 2814 familia
313 2760 641 2841 Hispanica
685 2763 981 2821 excitatae
1025 2765 1449 2820 contentiones
1515 2754 1702 2842 opon-

25 2856 236 2901 tunam
285 2850 665 2907 occasionem
714 2846 1141 2929 praebuerunt
1204 2850 1463 2931 Regiam
1524 2848 1702 2909 fami—

27 2929 168 2988 liam
210 2930 434 2992 throno
473 2933 842 2993 deturbandi
871 2980 885 3006 ‚
921 2948 982 2993 et
1018 2935 1274 2996 fratrem
1308 2959 1485 2994 suum
1529 2942 1702 2996 Jose-

10 3021 208 3094 plima
274 3021 600 3104 Hispaniae
647 3045 857 3105 regem
900 3019 1032 3100 jure
1081 3023 1493 3086 haereditario
1560 3049 1706 3087 con-

832 3113 866 3165 h
916 3115 948 3169 2
1453 3118 1629 3175 stitu«
