1940 3672
284 173 362 232 48
853 175 1268 230 Historia

541 825 1228 976 Caput
1393 822 1544 928 Π.

189 1227 503 1285 Exhibeas
523 1227 886 1282 Historiam
920 1224 1431 1300 Portzigalloram
1451 1266 1466 1294 ,
1485 1221 1564 1278 ab
1595 1243 1652 1277 a.
1687 1222 1869 1280 1159.

544 1354 740 1410 usqae
784 1335 875 1390 ad
904 1342 1188 1389 nostram
1221 1340 1509 1387 aetatem.

183 1588 230 1667 ᾗ,
283 1515 745 1645 LStatistico
803 1576 1245 1656 Geograplziea
1313 1580 1487 1635 notio
1533 1579 1874 1653 Portugal—

187 1679 326 1734 liae.
378 1666 757 1748 Portugallia
791 1666 940 1727 olim
993 1669 1339 1725 Lusitania
1396 1666 1515 1724 fuit
1571 1679 1787 1722 vocata
1836 1690 1868 1721 a

182 1768 354 1821 Laso
389 1757 606 1817 Liberi
657 1753 818 1828 filio,
864 1751 1040 1836 cujus
1079 1757 1254 1835 regio
1304 1753 1437 1813 fuit.
1494 1756 1870 1811 ,Marcianus

182 1867 388 1911 tamen
422 1858 597 1928 putat
630 1844 1010 1902 Lusitaniam
1054 1865 1088 1900 a
1116 1842 1310 1902 fluvio
1350 1843 1720 1923 cognomine
1760 1844 1868 1923 qui

182 1959 347 1998 nunc
398 1938 608 2010 Tagus
638 1945 742 1990 est.
765 1929 1137 2012 Portugallia
1171 1944 1379 1996 autem
1414 1929 1710 2012 appellari
1727 1951 1869 1989 coe—

181 2032 275 2112 pit
305 2050 340 2085 a
385 2025 583 2081 Portu
625 2023 949 2078 Gallorum
963 2042 979 2095 3
1025 2019 1127 2078 vel
1172 2015 1348 2101 juxta
1397 2018 1545 2079 alios
1590 2041 1624 2076 a
1672 2020 1869 2076 Porta

192 2119 355 2175 Cale.
402 2112 693 2171 Ceterum
735 2105 1112 2190 Portugallia
1152 2106 1232 2165 ab
1252 2110 1486 2168 Occasu
1506 2119 1568 2165 et
1601 2106 1869 2166 Meridie

180 2203 561 2264 Atlanticum
632 2197 950 2261 Oceanum
1003 2198 1290 2279 respicit,
1365 2190 1540 2275 cujus
1596 2196 1866 2255 ambitus

180 2305 466 2353 censetur
560 2290 703 2348 880.
796 2283 1176 2343 milliarium.
1267 2286 1340 2343 In
1435 2283 1548 2343 hac
1614 2287 1869 2366 regione

183 2382 418 2466 optima
459 2377 614 2436 aeris
650 2375 978 2454 temperies
1001 2418 1016 2446 ‚
1063 2371 1220 2432 coeli
1242 2376 1537 2433 serenitas
1578 2386 1640 2431 et
1672 2373 1863 2432 uber-

184 2485 271 2530 tas
307 2481 429 2542 est3
458 2461 731 2524 abundat
749 2462 935 2535 vino,
960 2461 1130 2536 oleo,
1166 2461 1337 2521 malis
1354 2464 1591 2533 aureis,
1633 2464 1865 2537 citreiS‚

182 2554 552 2639 amygdaIIS,
621 2548 838 2623 melle,
890 2569 1062 2625 cera3
1117 2550 1358 2610 Incolae
1406 2571 1482 2609 ex
1535 2552 1697 2632 agris
1739 2551 1864 2610 suis

179 2661 420 2708 tantum
458 2639 753 2700 frumenti
787 2637 1126 2719 colligunt,
1165 2654 1471 2722 quantum
1492 2641 1636 2721 ipsis
1668 2638 1746 2697 ad
1771 2640 1868 2696 vi-

181 2752 306 2796 tam
348 2733 602 2805 sufficit3
640 2748 717 2786 ex
753 2725 952 2785 Gallia
994 2738 1197 2786 tamen
1258 2742 1319 2787 et
1363 2728 1695 2787 Germania
1735 2749 1862 2786 non

182 2844 407 2908 parum
448 2818 747 2878 frumenti
786 2812 1129 2874 advehitur.
1161 2814 1436 2875 Plurima
1461 2815 1571 2875 alit
1616 2836 1862 2899 pecora,

180 2934 371 2994 equos
404 2908 660 2969 veloces,
711 2903 1086 2986 Portugallia
1125 2902 1265 2964 inde
1312 2906 1391 2965 ab
1428 2902 1859 2965 immemoriali

181 3017 495 3084 tempore,
532 2994 649 3059 sub
692 2994 1026 3076 Hispaniae
1066 2997 1320 3057 nomine
1361 2993 1687 3067 veniebat,
1730 2995 1859 3075 pri-

1599 3104 1771 3142 mum
