1940 3672
603 191 1192 262 IIispanorum.
1605 195 1686 255 29

98 382 278 428 mem,
315 365 524 435 brevia
547 361 848 418 Marocensi
903 381 1030 433 rege
1087 362 1245 416 Abest
1303 361 1551 435 Jozepho
1574 406 1587 429 ‚
1625 373 1774 422 occia

100 438 171 487 sis
225 438 310 495 50.
359 437 596 488 millibus
648 435 934 485 hominum
994 434 1164 484 victus
1218 450 1435 485 omnem
1502 438 1774 491 Baeticam

97 508 310 571 amisit3
349 524 507 576 quam
549 504 726 555 Mauri
763 521 932 574 usque
978 503 1046 553 ad
1103 503 1305 555 Caroli
1356 503 1429 556 V'.
1479 524 1641 558 avum
1688 519 1770 559 te-

103 586 358 632 nuerunt,
431 574 678 624 Tandem
728 573 1045 643 Alplzonsus
1093 573 1181 624 hic
1230 582 1282 624 et
1340 573 1551 626 Petrus
1604 581 1774 630 Arra-

101 648 288 713 goniae
320 661 469 711 reges
522 663 643 694 cum
696 644 861 694 Aban
909 643 1154 713 Jozeplzo
1207 644 1340 695 inita
1380 662 1546 713 pace,
1582 664 1770 716 regem

95 717 398 766 Vasconum
433 721 484 762 et
516 714 769 781 Legionis
812 713 1050 782 graviter
1082 722 1454 783 oppugnantes
1474 753 1488 777 ‚
1533 714 1647 784 ejus
1678 737 1773 769 re-

95 802 260 852 gnum
322 782 666 850 subjugatum
713 785 855 834 inter
900 801 952 834 se
998 781 1317 835 diviserunt.
1393 785 1521 836 Post
1550 787 1770 839 Fer-di-

91 852 336 904 nandum
387 853 539 904 1252.
590 852 829 921 praefuit
894 852 1207 921 Alplzonsus
1251 856 1462 925 sapiens
1517 855 1588 907 ob
1638 857 1775 909 insi-

97 940 252 989 gnem
310 921 675 973 eruditionem
714 922 789 972 sic
852 921 1062 981 dictus,
1100 923 1516 992 Carthaginem,
1562 926 1770 980 Silvam

88 986 321 1060 aliasque
359 992 534 1044 Urbes
573 1011 602 1041 a
631 991 833 1043 Mauris
870 991 1110 1060 recepit,
1164 993 1383 1046 tandem
1438 994 1506 1046 ad
1551 996 1772 1049 Cordu-

88 1059 218 1110 bam,
256 1078 377 1112 cum
409 1061 685 1112 Saracenis
719 1062 858 1112 male
885 1077 1149 1130 pugnans,
1187 1081 1216 1112 a
1252 1062 1368 1115 filio
1400 1063 1631 1117 Sanctio
1653 1066 1766 1119 IV.

90 1146 258 1197 regno
298 1141 495 1183 exutus
545 1142 624 1183 est
671 1128 836 1185 *1284
880 1131 965 1180 cui
1019 1140 1142 1200 post
1195 1150 1388 1184 novem
1438 1151 1605 1184 annos
1641 1155 1767 1188 suc-

89 1200 249 1251 cessit
297 1200 704 1253 Ferdz‘nandas
755 1202 849 1271 qui
896 1200 1032 1251 duos
1077 1199 1274 1252 fratres
1337 1203 1648 1256 innocentes
1696 1207 1764 1256 de

88 1269 348 1321 altissima
378 1289 515 1341 rupe
541 1272 860 1342 praecipites
899 1269 1017 1321 dari
1055 1272 1280 1322 curavit.
1316 1270 1631 1342 Alphonsus
1650 1275 1768 1328 ΧῙ.

91 1339 310 1390 classem
347 1341 732 1393 Lusitanorum
767 1341 930 1404 vicit,
969 1340 1062 1390 sed
1104 1351 1157 1392 et
1191 1343 1305 1411 ipse
1341 1361 1368 1393 a
1407 1342 1609 1393 Mauris
1645 1353 1770 1395 tan-

87 1417 141 1459 ta
189 1410 337 1461 clade
377 1412 692 1480 profligatus
729 1419 808 1462 est
842 1419 903 1462 ut
951 1407 1249 1481 Tariplzae
1281 1411 1621 1464 obsidionem
1658 1416 1774 1466 sol—-

92 1490 258 1531 veret.
330 1480 596 1533 Similiter
660 1483 773 1551 ejus
822 1481 968 1532 filius
1013 1482 1225 1532 Petrus
1288 1480 1556 1533 Crudelis
1612 1483 1769 1538 1350.

86 1548 374 1602 succedens
407 1571 434 1602 a
474 1553 678 1604 Mauris
726 1552 932 1609 victUS,
982 1569 1167 1619 regem
1217 1551 1483 1603 Granatae
1536 1554 1774 1605 interce-

89 1628 249 1687 ptum
295 1622 590 1673 trucidavit
627 1622 710 1673 uti
752 1631 807 1673 et
857 1621 1137 1673 Blamam
1171 1639 1433 1687 uxorem3
1486 1641 1588 1693 qua
1641 1642 1774 1676 cru-

90 1689 307 1741 ‹lelitate
347 1692 402 1742 in
452 1692 642 1744 odium.
704 1701 1023 1743 cunctorum
1079 1693 1333 1756 veniens,
1384 1692 1452 1743 ab
1518 1692 1774 1747 Henrc'co

85 1758 255 1810 fratre
298 1762 469 1813 notho
506 1763 682 1814 victus
736 1778 905 1831 regno
948 1770 1142 1813 exutus
1175 1771 1225 1812 et
1262 1762 1439 1814 securi
1485 1781 1773 1833 percussus

87 1838 200 1880 est.-
242 1848 350 1898 quo
403 1842 648 1903 tempore
690 1833 748 1883 in
800 1832 1095 1899 Arragonia
1142 1828 1356 1884 Petrus
1397 1832 1655 1903 praefuit.
1704 1838 1771 1888 In

86 1899 342 1952 Castellae
391 1920 558 1971 regno
610 1902 855 1953 „Ioannes
924 1901 1020 1971 qui
1079 1899 1336 1954 Henrz'co
1400 1917 1774 1972 successerat,

86 1968 218 2020 dum
261 1970 620 2024 Lustitaniam
657 1972 726 2023 ad
783 1990 836 2022 se
888 1970 1205 2041 pertrahere
1268 1974 1558 2025 moliretur
1593 1976 1770 2028 victus

84 2050 200 2102 est,
237 2041 438 2093 Mauris
473 2054 656 2093 tamen
693 2041 863 2093 multa
899 2051 1045 2092 terra
1080 2042 1325 2111 marique
1380 2044 1621 2096 ademit:
1659 2064 1769 2116 quo

81 2118 328 2179 tempore
348 2124 534 2180 agente
554 2112 794 2164 Martino
810 2129 973 2181 regna
990 2111 1306 2180 Arragonia‚
1327 2113 1510 2166 Sicilia
1546 2125 1598 2166 et
1640 2117 1771 2168 Sar-

88 2179 236 2231 dinia
254 2181 537 2250 conjuncta
571 2192 717 2233 sunt.
741 2183 991 2234 Ceterum
1010 2193 1231 2233 mortuo
1248 2183 1464 2236 Joanne
1481 2182 1637 2240 1454.
1658 2191 1771 2256 ers

82 2247 227 2301 filius
263 2250 552 2304 Hem-icus
585 2253 622 2304 I
627 2251 701 2301 V.
743 2252 799 2302 in
839 2269 1006 2321 regno
1043 2250 1302 2304 Castellae
1335 2274 1364 2306 a
1401 2255 1634 2308 subditis
1666 2276 1765 2309 ex-

77 2330 406 2383 auctoratus,
449 2323 668 2373 demum
700 2339 758 2373 ea
794 2322 910 2391 lege
943 2332 1208 2393 receptus,
1245 2333 1307 2375 ut
1337 2344 1583 2378 sororem
1615 2345 1770 2380 suam

81 2389 393 2442 Isabellam
442 2393 732 2444 haeredem
777 2392 1073 2458 scriberet,
1127 2410 1303 2464 quam
1339 2395 1499 2448 duxit
1545 2396 1768 2449 Fercu-

82 2461 299 2511 nanctus
352 2465 711 2531 ArragoniUS‚
752 2464 844 2533 qui
895 2464 1056 2514 etiam
1087 2474 1305 2515 mortuo
1334 2465 1593 2518 Hem-ico
1629 2486 1762 2521 mox

77 2524 195 2597 jure
230 2531 442 2584 Uxorio
477 2535 534 2584 in
567 2550 735 2601 regno
769 2535 1024 2585 successit
1065 2531 1215 2586 1474.
1255 2536 1350 2605 qui
1388 2538 1766 2606 Armgonizzm,

80 2601 404 2668 Legionem,
442 2612 495 2654 et
540 2603 823 2654 Castellam
875 2603 1208 2672 conjungens
1257 2622 1425 2657 novae
1478 2607 1760 2674 regiminis

79 2668 286 2720 formae
333 2689 527 2742 nempe
567 2673 914 2724 Monarchice
953 2672 1374 2726 fundamentum
1405 2679 1621 2746 posuit,
1654 2695 1761 2728 un-

75 2738 141 2789 de
179 2740 528 2794 celeberrima
557 2743 923 2814 Hispanorum
957 2744 1178 2813 Epocha
1215 2744 1426 2816 incipit.
1465 2745 1527 2816 a)

1565 2815 1691 2867 Mo·-

149 3000 224 3072 a)
262 2999 498 3051 Joannes‘
528 3001 771 3054 Mariana
808 3002 875 3053 de
927 3002 1089 3055 rebus
1145 3003 1449 3074 Hispaniae.
1522 3007 1757 3064 Roderi-

229 3088 322 3122 cus
361 3070 647 3134 XimeneS.
705 3072 1008 3128 Rodericus
1060 3073 1381 3135 ToletanUS.
1455 3076 1591 3132 Item
1650 3081 1756 3136 Hi·
1806 3106 1809 3115 ,
