1940 3672
300 208 417 271 160
801 210 1228 269 His-'toria

209 395 452 454 Fiscum
490 393 818 479 pertinent.
878 394 1074 452 Caria
1118 393 1217 450 W
1208 390 1507 447 ardorum
1544 409 1577 445 a
1614 386 1889 470 pupillis,

210 505 480 566 quorum
531 503 735 540 causas
799 492 1056 554 tractat,
1131 498 1360 537 nomen
1418 474 1618 535 habet.
1697 478 1890 533 Curia

206 573 553 635 Admiralli
586 589 681 628 res
701 569 1042 627 Maritimas
1076 577 1312 624 tractat.
1338 567 1591 622 Assisae
1631 565 1695 621 in
1729 585 1884 644 quo-

207 658 361 717 libet
413 658 720 716 Comitatu
770 653 864 713 bis
916 676 1030 736 per
1075 674 1304 711 annum
1345 651 1776 724 celebrantur,
1820 653 1885 709 in

207 746 433 827 quibus
467 742 591 801 duo
645 743 990 801 Assisarum
1045 741 1377 799 Justitiarii
1424 739 1700 823 deputati
1745 759 1889 797 cum

204 836 367 915 pacis
396 830 736 914 justitiariis
769 827 846 888 de
890 827 1314 886 criminalibus
1352 850 1546 910 aeque
1587 849 1657 888 ac
1694 828 1890 886 civili-

205 921 315 979 bus
359 931 750 1000 cognoscunt.
787 951 871 959 ·—
916 919 1089 974 Fora
1144 918 1488 992 aequitatis
1538 928 1681 976 sunt
1727 918 1887 972 Can-

203 1010 463 1067 cellaria
485 1051 499 1078 ,
557 1006 751 1065 Caria
786 1008 1245 1082 Requestarzcm
1268 1048 1288 1076 ,
1344 1025 1453 1062 seu
1514 1003 1788 1064 Concilia
1825 1003 1887 1061 in

202 1093 504 1154 limitibus
534 1093 801 1155 Walliae
826 1137 842 1164 ,
875 1091 985 1150 ubi
1030 1113 1246 1150 causae
1285 1113 1628 1174 pauperum
1667 1105 1728 1151 et
1761 1093 1887 1150 Re-

200 1186 446 1266 giorum
479 1180 853 1242 famulorum
893 1178 1246 1239 audiuntur.
1295 1179 1454 1238 Fora
1495 1179 1875 1239 Ecclesiasti-

200 1294 270 1332 ca
304 1273 637 1357 parecipua
682 1283 822 1329 sunt
860 1272 1160 1345 Synoclccs‘,
1187 1289 1295 1328 seu
1327 1269 1693 1327 convocatio
1718 1266 1883 1326 Cleri

196 1383 442 1444 semper
480 1358 660 1418 simul
684 1380 823 1416 cum
844 1357 1233 1416 Parlamento
1262 1354 1542 1416 habetur.
1590 1356 1880 1414 Ceterum

202 1471 387 1531 penes
423 1447 564 1506 talia
605 1449 789 1506 etiam
822 1444 1176 1519 tribunalia,
1210 1443 1377 1502 nulla
1414 1456 1505 1504 est
1535 1445 1709 1525 regio
1749 1455 1885 1500 tur-

198 1538 417 1597 barum
452 1534 716 1595 feracior
752 1554 820 1592 ac
858 1532 1194 1606 Britannia,
1224 1554 1384 1614 quae
1417 1544 1621 1590 tamen
1663 1531 1884 1589 turbae

203 1647 328 1683 non
368 1638 627 1683 naturae
662 1623 849 1695 vitiis,
896 1618 1000 1680 sed
1040 1633 1341 1681 sectarum
1381 1616 1783 1692 multitudini,
1826 1630 1890 1676 et

204 1712 422 1771 ocultis
466 1712 829 1794 Principum
893 1708 1234 1790 Regiorum
1283 1705 1717 1766 molitionibus
1767 1706 1880 1763 tri-

200 1799 479 1860 buendae
502 1813 657 1858 sunt.
692 1799 781 1857 De
815 1794 1068 1855 infinitis
1101 1794 1550 1875 sectislongum
1582 1793 1743 1852 foret
1760 1793 1882 1851 dis-

201 1911 407 1948 serere
423 1910 437 1962 3
483 1886 640 1946 duae
678 1900 881 1946 tamen
899 1897 1096 1944 sectae
1134 1882 1421 1966 politicae
1485 1893 1630 1941 sunt
1680 1879 1876 1940 famo-

200 1979 499 2048 sissimae,
546 1973 830 2034 videlicet
888 1975 1087 2048 Torys
1138 1984 1202 2031 et
1265 1972 1538 2049 ngzS,
1605 1990 1880 2051 quarum

201 2086 614 2146 unaquaeque
668 2064 728 2121 in
799 2059 946 2120 alias
1015 2074 1212 2119 sectas
1260 2056 1714 2134 subdividitur3
1779 2056 1879 2115 illa

199 2153 441 2234 Regum
504 2154 655 2210 Jura
681 2196 695 2223 ,
742 2146 889 2208 haec
945 2146 1237 2209 ordinum
1267 2145 1404 2229 jura
1441 2148 1738 2207 continuo
1777 2144 1884 2207 de-

199 2239 421 2299 fendit:
469 2240 533 2299 in
578 2253 844 2322 utraque
889 2250 1034 2297 sunt
1076 2239 1564 2310 Moderatiores’,
1598 2249 1660 2295 et
1694 2236 1882 2311 Bigi-

201 2332 433 2403 diores,
480 2330 839 2405 Bigidiores
881 2329 938 2384 T
931 2348 1080 2402 orys
1111 2323 1459 2384 absolutum
1485 2323 1727 2404 Regum
1752 2323 1880 2381 Do—

198 2418 460 2475 minium
494 2415 787 2477 inducere
820 2428 1158 2474 conantur:
1226 2415 1684 2470 Moderatiores
1731 2411 1880 2491 qui-

197 2505 336 2565 dem
378 2504 513 2588 jura
537 2507 704 2587 regia
749 2501 1122 2577 defendunt3
1171 2503 1240 2560 iis
1265 2511 1467 2559 tamen
1503 2499 1726 2558 limites
1759 2511 1878 2557 sta—

197 2607 398 2653 tuunt.
445 2596 804 2671 Rigidiot·es
858 2593 1084 2669 W'ghs
1151 2610 1396 2650 omnem
1434 2589 1667 2668 regiam
1705 2599 1879 2667 pote-

197 2695 414 2742 statem
449 2680 810 2741 abolendam
831 2679 1063 2754 dicunt,
1095 2679 1554 2737 Moderatiores
1596 2695 1747 2734 vero
1777 2695 1879 2732 ae-

198 2768 568 2852 quilibrium
612 2770 810 2852 Reges
837 2771 999 2830 inter
1040 2781 1101 2828 et
1120 2764 1386 2850 Ordines
1421 2776 1723 2847 perpetuo
1745 2782 1876 2820 ser—

199 2878 348 2917 vare
391 2857 669 2918 student:
720 2873 781 2919 et
816 2856 875 2916 hi
911 2858 1313 2940 praecipuum
1335 2853 1537 2935 Regni
1585 2865 1647 2911 et
1686 2850 1875 2929 Regis

197 2946 392 3004 robur
430 2948 824 3006 constituunt.
915 2948 987 3005 In
1038 2940 1268 3026 Anglia
1317 2941 1682 3024 conspicuus
1720 2935 1877 2996 ordo

202 3046 291 3091 est
335 3036 727 3094 Per-iscelidis
783 3034 913 3095 sive
949 3035 1007 3094 S.
1060 3033 1349 3111 Georgii,
1389 3027 1495 3091 sed
1537 3050 1614 3086 an
1661 3021 1875 3086 obde-

1581 3127 1779 3173 victos
