1940 3672
259 128 384 190 526
792 134 1227 192 Historia

163 317 391 377 stitutis
435 314 754 377 Poloniam
797 313 874 374 ad
920 314 1133 376 florem
1170 314 1510 399 perduxit,
1577 316 1856 377 Militiam

165 406 532 508 Eques-trem
579 404 874 464 instituit:
940 426 1056 484 pro
1095 405 1449 465 defensione
1488 420 1694 464 autem
1743 409 1853 464 Pa-

164 496 322 557 triae
358 497 422 552 in
467 492 616 553 locis
668 493 860 552 variis
899 489 977 550 ad
1016 494 1361 555 Tartariam
1401 494 1860 576 peitinentibus

164 594 497 666 perpetuos
538 581 790 662 Equites
847 582 1233 652 Quarticmos
1276 581 1470 642 dictos
1528 581 1860 664 disposuit,

164 669 315 729 dicti
355 682 499 728 sunt
543 670 889 742 Qccartiam'
921 665 1090 728 ideo:
1162 671 1333 752 quod
1370 669 1446 730 de
1489 684 1716 751 quarta
1761 694 1862 730 ie-

161 755 411 816 dituum
450 758 778 839 legionum
812 779 924 840 par
931 770 988 817 te
1029 758 1405 841 stipendium
1442 760 1729 841 peiciper
1733 774 1853 817 ent.

161 847 302 918 Quo
341 865 419 904 ex
471 847 755 906 instituto
820 847 1102 903 Ukrania
1135 868 1295 928 quae
1335 870 1449 929 per
1500 845 1858 928 hequentes

164 933 578 993 Tartarorum
621 935 1006 994 incursiones
1045 945 1221 993 antea
1272 935 1503 994 inculta
1547 932 1858 1016 jacuerat,

163 1041 334 1080 nunc
388 1021 671 1082 Urbibus
720 1035 785 1083 et
837 1024 1008 1105 pagis
1065 1024 1282 1083 01na1i
1343 1023 1863 1106 frequentarique

162 1109 386 1192 coepit.
453 1112 713 1170 Cosacos
752 1112 940 1169 etiam
990 1125 1168 1171 antea
1211 1109 1574 1171 indomitam
1613 1123 1860 1193 gentem

163 1194 562 1258 humaniores
601 1196 910 1274 reddidit3
974 1221 1324 1282 eorumque
1368 1199 1714 1283 pedestrem
1746 1200 1860 1257 mi-

162 1285 360 1345 litiam
399 1285 730 1346 ordinavit.
797 1286 1037 1360 Quibus
1081 1291 1243 1347 curis
1287 1290 1556 1348 intentus
1593 1289 1863 1371 optimus

164 1375 461 1458 Princeps
503 1388 785 1435 mortuus
821 1389 913 1436 est
942 1398 989 1435 a.
1037 1379 1222 1438 1586.

341 1459 774 1541 δι’ὃνίεηηιηᾱαε
841 1463 1004 1526 filius
1066 1467 1324 1522 Jocmm‘s
1379 1464 1566 1545 Regis
1622 1464 1859 1522 Sveco-

161 1574 339 1626 rum,
424 1554 721 1633 quoniam
785 1553 988 1611 Sacris
1054 1552 1520 1612 Catliolicorum
1583 1550 1862 1610 addictus

163 1651 356 1714 esset,
427 1653 754 1722 paternum
796 1642 1049 1700 Sveciae
1104 1663 1411 1722 regnum,
1478 1653 1702 1723 patruo
1750 1661 1862 1698 suo

163 1728 388 1788 cedere
438 1726 690 1805 debuit3
788 1726 954 1788 unde
1013 1728 1439 1788 cruentissima
1499 1728 1659 1787 bella
1710 1747 1856 1785 cum

165 1818 424 1877 Sveciae
475 1816 725 1898 regibus
784 1820 1006 1875 Carolo
1049 1820 1169 1875 IX.
1212 1831 1273 1876 et
1329 1818 1606 1874 Gastcwo
1660 1818 1860 1873 Adol-

156 1909 284 1986 plzo
319 1918 495 1965 enata
532 1920 689 1965 sunt.
730 1905 873 1965 Non
905 1904 1273 1965 absimiliter
1303 1906 1488 1964 etiam
1519 1926 1664 1963 cum
1698 1905 1860 1962 Rus-

159 1999 239 2056 sis
279 2007 341 2054 et
382 1993 600 2052 Turcis
651 1995 826 2054 vario
864 2008 1063 2055 marte
1110 1994 1406 2056 bellat-um
1449 2004 1580 2052 erat
1621 2012 1747 2075 quo
1785 1990 1861 2051 ad

161 2084 323 2144 vixit
361 2103 562 2162 usque
597 2104 692 2140 an.
744 2084 930 2145 1656.

346 2172 712 2230 Uladc'slazcs
757 2174 911 2230 VII.
952 2171 1205 2231 Cosacos
1253 2169 1689 2230 infensissimos
1741 2170 1861 2227 Po-

160 2259 452 2321 lonorum
503 2255 705 2320 hostes
749 2258 834 2320 ob
896 2257 1143 2332 hostiles
1202 2260 1585 2318 incursiones
1644 2254 1860 2315 habuit

158 2350 341 2410 adeo:
404 2359 475 2405 ut
526 2348 788 2432 amplius
838 2371 1158 2430 nunquam
1216 2347 1330 2407 sub
1379 2349 1712 2429 pristinum
1759 2342 1856 2424 ju-

158 2459 307 2520 gum
345 2435 665 2495 Poloniam
689 2434 969 2517 redigere
992 2438 1288 2519 potuerit,
1324 2438 1433 2518 qui
1478 2435 1635 2494 obiit
1669 2434 1852 2492 1647.

334 2525 603 2580 Joatmes
666 2527 1010 2583 Casimiras
1049 2523 1283 2583 dudum
1335 2523 1697 2604 gliscentem
1735 2521 1856 2578 Co-

159 2634 445 2674 sacorum
490 2611 857 2675 seditionem
900 2628 1117 2696 aperto
1168 2628 1227 2674 et
1267 2611 1508 2670 funesto
1552 2608 1714 2669 bello
1753 2630 1860 2666 ex-

160 2704 354 2788 periri
415 2701 785 2781 cogebatur,
870 2725 1142 2786 quorum
1203 2723 1342 2785 pars
1397 2701 1642 2772 Russis‚
1714 2717 1856 2778 pars

158 2813 312 2850 vero
356 2791 576 2849 Turcis
629 2813 690 2850 se
752 2790 1164 2872 conjnngem,
1228 2805 1557 2869 utramque
1609 2800 1856 2868 gentem

155 2881 448 2960 deinceps
507 2881 568 2936 in
628 2879 892 2940 Polonos
948 2882 1250 2952 armavit3
1320 2900 1440 2960 qua
1500 2887 1862 2957 tempestate

160 2972 347 3031 etiam
387 2980 630 3030 veteres
679 2969 1022 3032 Svecorum
1079 2968 1543 3030 controversiae
1597 2984 1859 3026 renova-
1937 3013 1940 3023 ⁴

1710 3063 1770 3109 ta
