1940 3672
234 106 359 167 550
761 112 1214 174 Historia

143 295 207 343 et
241 281 580 346 multarum
605 284 959 368 lingvarum
999 290 1290 371 peritiam
1329 305 1692 371 comparare
1726 303 1828 344 so-

144 371 322 446 lent,
388 374 554 433 unde
632 396 758 432 non
811 389 938 433 tam
998 376 1280 439 liberales
1348 398 1536 459 quam
1597 372 1837 457 profusi

145 472 306 518 sunt.
399 464 712 545 Imprimis
761 476 964 523 autem
1014 463 1212 528 bonae
1266 472 1427 524 artes
1474 477 1536 524 et
1581 464 1833 521 Lite-rae

145 548 212 606 in
257 547 576 609 Poloniam
632 547 933 610 indefesso
987 551 1116 613 zelo
1154 554 1442 614 inductae
1480 565 1542 612 et
1592 571 1830 632 propa-

146 648 320 718 gatae
354 652 499 696 sunt
545 660 656 720 per
691 642 1081 697 Stanislaam
1134 645 1409 701 Hosiam
1444 637 1838 701 Cardinalem

147 738 212 783 et
303 725 566 784 Concilii
654 727 1008 787 Tridentini
1076 729 1420 791 praesidem
1505 726 1582 787 ad
1649 746 1841 808 quem

153 814 511 873 Stcmislaus
574 818 949 873 Oreo-hovius
1015 816 1374 877 Roxolanus
1426 819 1512 876 sic
1576 814 1836 875 scribit:

150 900 246 957 Tu
288 924 399 962 nos
429 904 673 986 scriptis
711 905 828 963 tuis
875 903 1333 988 elegantissimis
1373 905 1449 963 ad
1503 924 1684 965 omne
1744 901 1842 981 pi·-

151 990 329 1049 etatis
372 1012 595 1051 munus
649 990 983 1066 informas,
1032 996 1554 1076 consequerisque
1613 1003 1682 1049 ut
1723 990 1843 1047 Po-

148 1073 317 1142 lonia
351 1080 426 1140 ab
465 1079 754 1141 omnibus
805 1082 1229 1155 existimetur,
1278 1082 1366 1142 Te
1416 1084 1583 1142 enim
1636 1077 1837 1158 Magi-

147 1178 278 1223 stro
336 1181 729 1250 compensata
790 1183 882 1228 est
940 1183 1117 1229 vetus
1171 1168 1272 1229 illa
1335 1172 1533 1252 gentis
1588 1177 1838 1226 nostrae

150 1253 472 1331 barbaria,
519 1279 644 1338 qua
691 1260 855 1317 inter
896 1257 1168 1340 reliquas
1211 1255 1586 1318 Christianas
1629 1267 1841 1337 gentes

145 1340 378 1405 fuimus
433 1344 583 1406 olim
630 1345 916 1422 infames3
963 1368 1150 1427 quam
1190 1348 1419 1430 scripta
1473 1359 1575 1405 tua
1605 1346 1843 1402 invete-

148 1444 345 1493 ratam
397 1435 741 1502 exnostris
790 1434 1070 1495 moribus
1122 1432 1572 1517 disciplinaque
1629 1428 1844 1489 fundi-

153 1534 250 1578 tus
287 1520 669 1582 deleverunt.
765 1522 868 1581 Tu
915 1525 1078 1581 enim
1116 1524 1404 1583 exstitisti
1432 1524 1681 1603 ingente
1720 1539 1835 1577 no-

147 1622 272 1668 stra
325 1613 595 1693 primus,
637 1611 748 1692 qui
791 1610 1098 1670 directum
1155 1610 1331 1670 nobis
1383 1613 1501 1669 iter
1536 1606 1614 1666 ad
1664 1608 1838 1681 inge-

148 1719 298 1756 nuas
347 1710 506 1759 artes
574 1711 635 1757 et
699 1696 775 1755 ad
821 1697 1266 1757 humanitatem
1318 1697 1683 1779 dispositum
1729 1692 1836 1751 de-

151 1799 560 1846 monstraret:
610 1787 838 1867 quibus
887 1787 1074 1845 rebus
1115 1786 1204 1845 Te
1249 1788 1593 1855 monitore,
1638 1779 1840 1840 homi-

153 1895 260 1934 nes
309 1878 505 1935 nostri
562 1877 721 1956 capti
769 1877 1126 1956 incensique
1171 1872 1525 1934 incredibili
1566 1872 1840 1953 optima-

148 1986 290 2022 rum
370 1966 601 2022 artium
668 1962 871 2023 studio
939 1962 1200 2044 flagrare
1285 1972 1641 2045 coeperunt.
1722 1969 1837 2017 etc.

159 2054 588 2109 Crcccoviensc‘s
640 2051 894 2133 quidem
939 2050 1276 2110 Academia
1321 2048 1600 2109 inchoata
1636 2044 1760 2105 fuit
1799 2069 1836 2104 a

155 2142 457 2197 Casimiro
502 2162 648 2223 rege
679 2163 772 2197 an.
816 2142 999 2201 1560.
1048 2137 1154 2201 sed
1202 2160 1272 2199 ea
1320 2151 1526 2198 tamen
1573 2135 1838 2195 obscura

147 2227 269 2288 fuit
312 2250 507 2311 usque
557 2253 651 2287 an.
721 2231 904 2288 1400.
973 2250 1100 2310 quo
1144 2229 1374 2287 vocatis
1418 2248 1495 2286 ex
1540 2224 1832 2306 Pragensi

148 2316 479 2376 Academia
536 2318 901 2376 Clarissimis
978 2314 1435 2376 Professoribus
1501 2313 1832 2372 instaurari

148 2408 399 2489 coepit:
460 2408 768 2482 Heclvigc's
829 2406 995 2465 enim
1053 2406 1292 2485 Regina
1354 2405 1544 2487 patris
1588 2420 1830 2459 morem

150 2510 391 2571 secuta,
451 2497 766 2576 ingentem
816 2496 1142 2576 pecuniam
1189 2491 1482 2574 reliquit,
1521 2512 1644 2572 qua
1681 2488 1835 2545 Cra-

149 2586 452 2644 coviensis
489 2581 820 2642 Academia
866 2605 899 2639 a
954 2584 1259 2640 Casimiro
1302 2593 1520 2663 coepta
1568 2573 1825 2660 perfice-

151 2684 362 2745 retur,
408 2694 485 2732 ex
525 2670 696 2753 cujus
724 2669 1088 2732 fundatione
1126 2670 1251 2730 duo
1278 2669 1683 2730 celeberrima
1706 2662 1839 2722 col-

147 2760 304 2841 legia
365 2773 818 2820 exsurexerunt
851 2807 868 2832 ,
918 2762 981 2819 in
1037 2781 1308 2842 quorum
1351 2760 1495 2817 Uno
1535 2751 1834 2833 Theologi

153 2863 216 2908 et
267 2845 661 2932 Philosophi,
701 2852 764 2908 in
822 2849 1017 2910 altero
1058 2845 1489 2908 Jurisconsulti
1535 2856 1596 2903 et
1636 2839 1837 2901 Medi-

147 2953 203 3009 ci
262 2942 723 3031 profiterentur.
823 2939 1112 3000 Ceterum
1161 2934 1309 2998 haec
1363 2932 1696 2995 Academia
1755 2926 1832 2987 ad

1617 3039 1751 3076 om—
