1940 3672
251 128 376 190 260
780 122 1220 179 Historia

163 332 310 373 nem
347 304 806 393 profitebatur,
843 300 950 362 sed
995 300 1073 362 ad
1125 322 1357 360 annum
1434 301 1619 368 1521,
1670 301 1858 359 variis
1938 351 1940 365 ,

163 401 230 460 in
274 399 426 458 locis
496 394 676 453 initia
738 388 1195 451 reformationis
1257 389 1703 472 erumpebant3
1764 392 1856 447 uti
1939 389 1940 393 ’

164 481 554 567 Antverpiae
591 479 860 537 Jacobas
899 478 1325 561 praepositus,
1359 478 1621 537 Lovanii
1672 479 1858 533 Μαι·-

162 579 333 634 tinas
388 570 678 644 Dor-pias
701 611 718 640 ,
786 561 1058 646 Trajecti
1123 569 1388 623 Ioannes
1447 568 1727 623 Rhodius
1800 578 1862 623 et

165 662 269 723 alii
320 660 701 725 docuerunt,
748 652 1122 734 Sacramque
1172 655 1562 737 Scripturam
1604 655 1664 710 in
1706 649 1862 711 idio-

166 773 268 819 ma
305 747 627 828 Belgicum
670 739 1159 817 transtulerunt3
1206 745 1268 800 in
1311 763 1466 823 quos
1507 743 1858 824 Imperator

166 836 320 897 adeo
344 855 560 895 severe
591 827 1147 903 animadvertebat,
1193 843 1263 888 ut
1305 832 1526 888 Carolo
1562 840 1861 910 regnante

168 925 337 986 ultra
354 925 452 984 50.
473 918 664 979 millia
685 915 1007 975 hominum
1030 917 1344 1000 suppliciis
1365 917 1597 977 sublata
1620 937 1745 975 esse
1770 914 1864 972 di·-

168 1025 409 1074 cantur.
430 1006 900 1083 Margaretlme
919 1006 1086 1065 enim
1106 1003 1579 1064 Gubernatricis
1599 1002 1861 1063 Consili-

168 1103 337 1163 arius
365 1093 708 1159 Cardinalis
756 1094 1244 1167 Granwllnmw,
1290 1107 1506 1152 contra
1531 1114 1632 1153 eos
1677 1093 1784 1173 qui
1829 1112 1864 1147 a

167 1188 496 1272 Rel‘igione
512 1178 824 1243 Catholica
850 1175 1234 1241 desciverant
1249 1184 1717 1258 Inquisitionem
1734 1181 1863 1234 Hi-

166 1281 491 1355 spanicam
509 1273 573 1330 in
604 1267 891 1351 Belgium
913 1267 1179 1345 induxit,
1195 1269 1427 1328 XVIII.
1447 1270 1867 1352 EpiscopatuS‚

165 1379 231 1430 et
271 1368 335 1424 in
365 1365 438 1423 iis
480 1375 605 1420 tres
639 1353 1224 1441 Arclliepiscopatus
1251 1359 1341 1416 uti
1383 1359 1864 1415 Mechlc'nensem

178 1457 685 1514 cameracensem
729 1456 791 1503 et
830 1447 1294 1520 Trajectensem
1339 1447 1673 1505 constituit.
1721 1445 1861 1515 Quo

169 1542 335 1602 facto
366 1538 590 1617 Belgae
635 1532 852 1591 offensi
891 1528 1092 1613 palam
1142 1534 1656 1593 Gubernatricem
1689 1552 1860 1589 acce-

171 1629 387 1691 dentes
403 1674 420 1701 ,
483 1623 909 1703 Inquisionem
958 1643 1082 1679 una
1138 1643 1280 1679 cum
1334 1619 1598 1680 decretis
1649 1630 1861 1677 contra

165 1715 447 1780 haereses
470 1711 606 1770 latis
636 1707 883 1767 sufferri
917 1708 1325 1791 postularunt.
1360 1707 1428 1783 cz)
1446 1708 1701 1765 Interim
1719 1708 1863 1763 Da·-

168 1810 283 1866 vicl
325 1803 628 1878 Georgius
662 1792 1018 1878 plasphema
1063 1817 1167 1854 sua
1194 1818 1355 1856 nova
1389 1796 1687 1855 Doctrina
1729 1793 1866 1852 Bel-

173 1916 278 1977 gas
315 1886 687 1957 commovit,
736 1885 844 1959 qui
876 1905 940 1941 se
966 1886 1281 1943 Christum
1314 1897 1374 1942 et
1417 1887 1488 1942 V
1478 1906 1650 1941 erum
1694 1883 1864 1938 files—

171 1986 335 2041 siam
401 1976 683 2043 dicebat,
731 1990 802 2028 ae
858 1987 1108 2053 praeter
1160 1972 1271 2032 alia
1309 1969 1621 2032 horrenda
1681 1972 1867 2030 etiam

173 2071 587 2151 promiscuam
626 2056 954 2119 libidinem
998 2060 1403 2144 permittebat
1428 2107 1443 2136 ‚
1498 2073 1692 2141 utque
1732 2069 1866 2115 tuto

171 2158 367 2219 latere
407 2163 644 2239 posset,
690 2157 930 2207 mutato
963 2151 1217 2209 nomine
1245 2151 1306 2208 in
1331 2152 1595 2206 Joamzis
1633 2147 1864 2204 Bmkii

182 2247 281 2305 15.
353 2245 531 2303 annis
577 2234 847 2296 Basileae
903 2237 1184 2296 simulata
1241 2239 1468 2319 pietate
1513 2237 1709 2307 vixit,
1756 2235 1865 2315 qui

173 2356 338 2394 anno
366 2331 580 2392 aetatis
615 2323 714 2382 56.
762 2325 1105 2384 moriturus
1143 2323 1422 2397 dixerat,
1467 2323 1737 2382 triennio
1760 2344 1868 2381 ex-

174 2435 313 2481 acto
344 2443 405 2480 se
442 2420 824 2478 revicturum
863 2427 924 2471 et
959 2415 1254 2495 promissa
1279 2434 1387 2471 sua
1421 2409 1866 2494 perfecturum,

169 2509 279 2569 sed
336 2509 590 2568 biennio
665 2509 727 2557 et
781 2500 837 2563 6.
900 2500 1215 2561 mensibus
1271 2515 1441 2582 post,
1503 2522 1573 2559 re
1633 2497 1871 2558 detecta

175 2595 340 2677 jussu
383 2609 624 2657 senatus
659 2607 775 2667 per
817 2586 1185 2649 Carnificem
1230 2589 1512 2663 effossus,
1566 2610 1686 2646 una
1724 2607 1867 2644 cum

174 2684 388 2744 liberis
434 2681 796 2744 combustus
832 2692 924 2739 ets
970 2692 1285 2759 tamquam
1316 2679 1567 2758 insignis
1598 2675 1867 2735 Praesti-

1650 2764 1781 2846 gia-

247 2961 310 3035 a)
337 2960 641 3084 1:1¹h11mnu5.
681 2961 826 3015 Hist.
859 2962 922 3015 L.
968 2960 1049 3014 27.
1086 2961 1143 3014 P.
1193 2958 1487 3017 Borhaeus.
1533 2958 1674 3011 Hist.
1719 2956 1864 3026 Belg.
