1940 3672
257 133 374 194 112
795 142 1205 198 Historia

153 319 223 400 a)
268 320 434 381 unde
475 324 613 383 Rex
649 320 908 405 Angliae
932 323 1139 384 diceie
1176 320 1388 382 solitus
1428 333 1554 381 est:
1603 320 1844 383 nullum

153 413 297 469 sciri
339 409 575 470 hostem
627 415 736 492 qui
753 368 889 471 t>illo
932 414 1137 471 minus
1173 434 1379 469 annal
1386 423 1559 483 etur
1609 425 1670 470 et
1703 411 1840 494 plus

150 500 384 581 negotii
439 497 793 559 facesserfflt
859 505 969 585 qui
1009 513 1291 560 mortuus
1347 514 1436 559 est
1496 498 1680 557 1580.
1732 502 1837 558 cui

152 589 439 648 successit
481 587 737 646 Filiolus

309 676 416 733 IV.
520 678 786 733 Car-olas
843 680 953 735 VI.
1005 676 1135 735 Sub
1187 676 1377 737 tutela
1429 677 1633 758 patrui
1692 675 1845 737 Phi-

150 766 309 839 lippi
346 763 669 843 Burgundi
709 763 942 824 bellum
975 763 1371 824 Flandricum
1407 765 1670 826 feliciter
1704 768 1847 846 qui—-

151 851 292 909 dem
340 854 560 932 gessit3
599 875 921 935 nunquam
956 868 1161 912 tamen
1187 855 1423 913 tristior
1445 867 1576 914 erat
1611 855 1849 915 Galliae

150 941 367 1014 faciesg
412 961 556 997 nam
592 965 783 1022 quum
825 944 964 1002 Rex
1002 965 1117 1024 per
1163 942 1485 1001 intervalla
1520 939 1850 1018 deliraret,

146 1030 444 1088 Proceres
483 1028 716 1091 Galliae
749 1030 824 1091 de
865 1030 1398 1090 administratione
1450 1034 1626 1111 regni
1677 1035 1840 1092 inter

148 1139 212 1177 se
250 1117 473 1178 acerbe
516 1117 1006 1195 contendebant3
1054 1140 1179 1201 qua
1235 1119 1547 1178 occasione
1586 1120 1841 1180 bellico-

146 1207 413 1266 sissimus
479 1207 740 1289 Angliae
776 1231 888 1269 rex
949 1210 1273 1266 Henriczcs
1326 1211 1401 1265 V.
1456 1207 1547 1264 uti
1592 1209 1841 1283 volem,

144 1317 370 1377 magno
410 1296 643 1378 impetu
688 1297 948 1355 Galliam
992 1298 1252 1370 invasit,
1315 1309 1376 1355 et
1419 1317 1637 1376 magna
1692 1296 1840 1354 Gal-

145 1385 263 1443 liae
305 1396 481 1468 parte
518 1382 879 1467 subjugata,
937 1389 1230 1444 Carolam
1299 1387 1412 1443 VI.
1460 1383 1533 1442 ad
1590 1407 1686 1445 eas
1729 1384 1846 1444 du-

146 1475 414 1533 rissimas
437 1475 601 1554 pacis
629 1473 1010 1533 conditiones
1036 1476 1257 1555 coegit,
1301 1488 1370 1531 ut
1407 1472 1654 1534 excluso
1678 1477 1839 1532 Del-

136 1564 338 1638 phino
363 1583 626 1623 coronae
647 1563 962 1644 principe,
1009 1562 1200 1622 tutela
1237 1564 1414 1641 regni
1435 1560 1668 1621 Galliae
1693 1583 1838 1621 cum

149 1672 257 1733 spe
295 1652 691 1709 successionis
728 1650 803 1710 ad
854 1652 1087 1730 Regem
1147 1650 1408 1732 Angliae
1466 1650 1837 1710 transferre—

143 1753 339 1798 retur.
365 1738 623 1797 Interim
656 1742 915 1798 Carolus
936 1742 1343 1796 Beneclletzcm
1365 1737 1726 1798 Pontificem
1738 1739 1818 1796 ab

142 1829 378 1887 unione
416 1826 685 1888 alienum
743 1830 807 1886 in
854 1825 1267 1909 Arragoniam
1310 1825 1670 1885 exturbavit
1696 1872 1711 1901 ‚
1776 1841 1838 1886 et
1878 1894 1881 1896 ,

139 1915 439 1974 Armatus
498 1938 576 1975 ex
617 1937 809 1997 regno
880 1916 1194 1998 exportari
1261 1912 1547 1972 inhibuit.
1597 1915 1657 1994 h)
1715 1917 1836 1973 Ca·-

144 2007 276 2062 rolo
329 2007 441 2062 VI.
487 2020 780 2078 mortuo,
830 2002 987 2064 filius
1023 2005 1354 2074 successit,
1406 2005 1591 2062 1422.

302 2091 381 2151 V.
480 2095 742 2151 Carolus
794 2096 942 2152 VII.
995 2093 1172 2151 initio
1210 2094 1414 2151 statim
1433 2091 1663 2150 amissis
1701 2091 1842 2174 plu-

142 2181 318 2241 rimis
359 2181 765 2265 civitatibus.
796 2184 1020 2263 passim
1061 2204 1094 2238 a
1133 2183 1257 2241 suis
1321 2202 1435 2262 per
1478 2179 1829 2240 ludibrium

144 2275 283 2330 Rex
324 2273 697 2348 Biturigum
728 2266 847 2329 fuit
889 2283 1138 2330 vocatus
1166 2315 1181 2342 ,
1229 2268 1402 2352 quod
1444 2270 1833 2351 potissimum

153 2382 223 2420 ea
270 2363 334 2419 in
376 2359 537 2419 urbe
579 2371 1108 2433 commoraretur3
1156 2359 1280 2418 imo
1311 2358 1480 2440 quod
1512 2370 1574 2418 et
1601 2357 1841 2440 Anglo-

143 2471 287 2508 rum
316 2470 428 2508 rex
470 2451 787 2506 Henriczcs
842 2450 953 2506 VI.
1001 2448 1250 2507 Parisiis
1289 2445 1410 2528 jam
1445 2445 1680 2507 Galliae
1719 2470 1834 2508 lex

142 2551 496 2613 cr²⁸ea1et1u3
545 2538 734 2619 igitur
785 2546 845 2596 et
892 2558 1155 2613 legnum
1205 2546 1640 2620 recuperaret,
1693 2557 1836 2596 cum
1908 2593 1913 2598 ⁸

141 2623 362 2707 Anglis
406 2627 584 2685 vario
620 2639 819 2684 marte
844 2625 1128 2693 bellavit3
1178 2646 1450 2706 cumque
1489 2622 1658 2681 nulla
1688 2645 1825 2707 spes

154 2715 380 2773 Carolo
403 2712 814 2798 recuperandi
849 2716 1025 2797 regni
1050 2713 1393 2797 affulgeret,
1411 2711 1610 2798 puella
1634 2734 1825 2794 quae-

1598 2798 1739 2860 dam

197 3005 272 3077 a)
309 3001 631 3059 F1M0ssa1dus
668 3006 733 3065 L
770 3005 825 3064 2.
878 3007 936 3059 Ρ.
974 3008 1259 3063 Aemilian.
1291 3009 1357 3063 L.
1406 3004 1489 3062 10.
1561 3006 1614 3074 b)
1670 3006 1830 3063 idem.

301 3075 436 3134 ibid.
462 3075 725 3131 Calvisius
760 3078 819 3132 in
843 3078 1104 3133 Chronol.
