1940 3672
295 192 415 253 150
805 196 1246 252 Historia

200 372 366 434 mine
408 370 741 434 obsistente
791 370 1106 432 Austriam
1162 376 1505 455 ingressus,
1578 373 1884 432 Viennam

204 463 407 544 cepit,
457 459 600 520 inde
641 462 703 517 in
751 461 1100 519 Moraviam
1124 462 1660 534 veniens,Russos
1682 458 1885 520 foede—-

202 562 364 608 ratos
426 559 683 607 cruenta
741 569 941 629 pugna
995 547 1072 606 ad
1138 552 1487 608 Austerlc'tz
1534 550 1883 630 superavit,

202 636 312 695 ubi
354 635 637 694 induciae
669 634 1024 694 conciliatae
1077 650 1248 710 sunt,
1311 650 1373 695 et
1425 657 1619 717 quum
1669 637 1884 717 copiae

199 724 492 783 Russicae
533 721 814 780 dimissae
845 735 1060 796 essent,
1107 725 1244 780 Pax
1283 725 1665 781 Posonierzsis
1711 743 1884 781 secu-

200 820 259 867 ta
298 823 403 869 est.
473 811 607 880 Qua
664 829 813 890 pace
867 808 1142 867 confecta
1191 810 1518 894 plerosque
1568 810 1885 894 Principes

196 897 308 979 qui
345 895 902 957 confoederationis
936 908 1152 955 contra
1195 919 1259 957 se
1317 899 1504 956 initae
1550 899 1882 982 participes

194 998 407 1061 erant,
475 983 774 1066 dignitate
830 985 1097 1057 amovit,
1163 1007 1432 1066 quorum
1492 986 1881 1068 Principatus

195 1069 341 1133 dein
388 1074 512 1133 suis
548 1073 842 1153 cognatiS,
884 1073 1185 1131 Ministris
1222 1071 1645 1132 etducibusin
1693 1095 1878 1154 proe—

194 1162 392 1220 mium
451 1160 751 1237 contulit3
812 1161 895 1219 sic
941 1162 1273 1236 Josepham
1336 1159 1592 1219 fratrem
1645 1162 1880 1219 utrius-

196 1270 323 1331 que
386 1249 631 1309 Siciliae
698 1269 906 1329 regem
974 1245 1111 1330 jure
1178 1246 1583 1308 haereditario
1628 1249 1878 1307 creavit.

197 1339 584 1395 Ludoviczcm
628 1335 891 1396 alterum
925 1334 1201 1409 fratrem,
1247 1338 1482 1417 Regem
1513 1334 1878 1395 Hollandiae

196 1425 570 1499 nominavit3
631 1424 840 1483 Affinis
887 1426 1246 1481 Joaclzimas
1300 1427 1528 1483 Marcet
1572 1423 1879 1482 Ducatum

135 1550 136 1553 =
198 1510 433 1573 Cliviae
455 1525 517 1572 et
545 1513 853 1571 Montium
888 1515 1154 1594 accepit,
1201 1511 1349 1570 alios
1409 1534 1558 1572 vero
1616 1513 1878 1569 Germa—

196 1601 338 1660 niae
412 1602 733 1681 Principes
794 1599 870 1657 ad
922 1603 1162 1658 Foedus
1223 1602 1592 1658 Rhenanam
1656 1601 1872 1657 ineun-

197 1685 350 1746 dum
395 1687 728 1770 compulit,
765 1686 940 1767 cujus
999 1690 1322 1747 Protector
1383 1690 1511 1769 ipse
1558 1691 1875 1762 Napoleorz

193 1787 345 1834 erat.
393 1776 785 1836 Reluctantes
824 1776 1118 1834 Borussos
1165 1796 1285 1832 una
1315 1795 1457 1832 cum
1493 1775 1673 1833 sociis
1716 1776 1875 1832 Rus-

192 1864 275 1923 sis
336 1862 413 1922 ad
456 1866 677 1921 Jenam
723 1863 906 1922 1806
960 1861 1311 1935 debellans,
1371 1874 1666 1943 sequente
1711 1884 1874 1921 anno

193 1971 347 2036 pace
403 1953 751 2023 Tilsitetzsi,
798 1950 1120 2010 Bolussiae
1164 1951 1302 2010 Rex
1363 1952 1709 2008 Villzelmas
1761 1951 1869 2008 ΙΙΙ.

192 2041 476 2121 regiones
523 2041 684 2099 inter
736 2036 949 2096 Albim
995 2052 1056 2097 et
1105 2034 1398 2096 Rhenum
1444 2040 1588 2097 sitas
1633 2040 1872 2112 amisit,

190 2127 301 2185 ubi
349 2131 665 2203 Napoleon
690 2147 952 2207 regnum
990 2124 1381 2207 Vestphaliae
1399 2127 1660 2208 erigens,
1684 2127 1872 2186 teitio

186 2213 368 2273 fratri
415 2237 526 2275 suo
586 2218 978 2290 .Hierotzymo
1025 2213 1298 2273 tradidit.
1364 2215 1522 2273 Item
1569 2235 1644 2274 ex
1690 2227 1869 2297 parte

187 2302 480 2363 Poloniae
510 2301 815 2362 Ducatum
862 2305 1348 2360 Vol-saviensem
1389 2303 1689 2360 Saxoniae
1735 2303 1868 2384 regi

185 2389 394 2465 dedit,
442 2413 628 2472 quem
677 2393 997 2466 Napoleon
1042 2391 1375 2449 constituit.
1440 2389 1669 2449 Galliae
1713 2411 1868 2449 vero

186 2480 389 2537 varias
426 2501 501 2561 pl
506 2480 774 2537 ovincias
809 2477 1108 2561 adpinxit.
1150 2476 1434 2537 Edictum
1472 2491 1688 2537 contra
1734 2475 1867 2534 An·-

185 2564 317 2647 glos
365 2565 834 2666 ‘ploniulgavim
898 2568 1111 2649 vigoie
1170 2563 1341 2647 cujus
1393 2586 1639 2626 omnem
1690 2585 1864 2624 com-

184 2655 405 2714 melcii
442 2674 674 2712 nexum
711 2653 973 2713 sustulit
1024 2656 1114 2713 De
1161 2655 1283 2713 Por
1269 2653 1536 2735 tugallia
1581 2652 1684 2711 dn
1692 2651 1866 2712 1den-

185 2740 263 2799 da
296 2753 623 2800 tiactatum
663 2742 844 2803 inivit
890 2764 1030 2801 cum
1077 2743 1409 2824 Hispaniae
1453 2763 1598 2823 rege
1640 2742 1863 2798 Carolo

180 2827 286 2888 IV.
337 2852 463 2912 quo
523 2829 801 2912 periculo
861 2832 1145 2910 cognito,
1194 2851 1340 2889 mox
1385 2831 1580 2912 Regia
1635 2827 1865 2886 familia

181 2937 245 2976 se
288 2918 352 2975 in
399 2918 718 2977 Brasiliam
760 2920 1033 3001 recepit3
1079 2917 1220 2976 hinc
1269 2941 1392 2977 non
1432 2929 1674 2976 tantum
1710 2917 1862 2975 Por-

181 3005 490 3087 tugalliam
527 3005 631 3068 sed
664 3020 726 3066 ct
771 3006 1086 3068 Pontificis
1119 3005 1380 3067 ditiones
1401 3004 1561 3065 Galli
1601 3024 1860 3086 occupa-

1606 3104 1768 3151 runt.
