1940 3672
408 179 727 233 Gallorum
763 185 824 229 et
858 175 1258 230 Francorum.
1538 174 1659 234 159

94 354 454 428 exiverunt,
511 373 665 433 quos
724 372 887 409 nunc
945 372 1309 411 enumerare
1344 349 1594 410 lecturis
1632 364 1759 412 tae-

96 441 267 499 dium
309 441 713 500 conciliarem.
783 438 1132 497 Dolendum
1188 437 1357 520 quod
1410 437 1762 498 florentissi-

94 548 227 585 mae
269 527 499 585 Galliae
543 525 910 584 Academiae
941 527 1360 609 superioribus
1407 528 1580 584 annis
1637 537 1765 584 tam

90 618 312 674 misere
336 613 563 672 fuerint
597 635 709 694 per
737 613 893 672 male
929 626 1248 674 contentos
1264 614 1543 674 turbatae
1567 611 1720 672 adeo
1743 635 1756 671 ε

95 704 254 759 utin
290 701 400 758 illis
445 721 570 759 non
611 699 795 758 modo
839 700 1056 783 religio
1082 748 1098 774 ‚
1159 701 1265 762 sed
1300 704 1484 763 etiam
1525 703 1765 785 sapien-

93 791 212 848 tiae
253 786 483 860 studia,
530 787 898 870 publicaque
931 787 1210 849 honestas
1266 789 1393 850 fere
1435 787 1765 849 intercide-

92 878 190 935 rit.
237 875 414 933 Nunc
444 887 646 934 tamen
692 875 806 933 sub
837 879 1278 957 sapientissimo
1311 881 1518 937 Caroli
1563 879 1642 934 X.
1660 896 1759 935 re-

91 964 317 1045 gimine
353 965 651 1044 tantisper
711 966 1013 1046 respirare
1066 978 1128 1023 et
1168 964 1562 1025 reflorescere
1609 966 1763 1022 inci-

91 1052 284 1133 piunt.
331 1049 634 1109 Nobilitas
669 1053 847 1108 enim
874 1050 1103 1109 Gallica
1145 1055 1415 1110 maxima
1446 1052 1762 1134 diligentia

91 1139 481 1210 Literarum7
528 1160 898 1219 omnemque
937 1141 1159 1197 artium
1204 1138 1404 1199 studia
1448 1141 1770 1223 persequi-

93 1236 213 1283 tur.
261 1226 679 1284 Bibliothecae
725 1228 908 1284 etiam
969 1228 1173 1286 variae
1220 1229 1490 1287 existunt
1549 1228 1768 1310 impri-

90 1314 205 1372 mis
250 1315 496 1374 Parisiis
524 1360 538 1387 ,
585 1318 822 1393 Regiae
868 1317 1241 1389 Majestatis
1279 1327 1341 1374 et
1374 1318 1432 1373 S.
1490 1318 1768 1373 Victoris

96 1413 166 1458 ut
209 1400 355 1460 alias
396 1416 778 1485 praeteream
822 1404 1073 1485 optimis
1118 1415 1180 1462 et
1222 1403 1550 1462 rarissimis
1591 1400 1769 1462 editis

91 1499 155 1547 et
196 1492 623 1574 manuscriptis
670 1490 847 1549 libris
884 1488 1165 1550 refertae.

334 1944 1132 2054 CAPUT
1298 1945 1519 2057 IV.

103 2285 412 2343 Exhibens
451 2287 813 2344 Historiam
855 2289 1317 2363 Britannorum
1381 2305 1488 2342 seu
1538 2282 1781 2361 Anglo-

260 2413 432 2465 ram,
468 2394 606 2449 inde
625 2392 702 2450 ab
722 2414 931 2452 eoram
963 2396 1201 2471 origine
1226 2439 1241 2467 ,
1271 2413 1464 2474 usqae
1500 2392 1567 2449 in
1584 2412 1783 2468 prae-

259 2520 395 2555 sens
423 2509 679 2574 tempu-3.

110 2727 159 2804 ᾗ.
193 2666 646 2794 LSatistieo
696 2733 1131 2811 Geograpliica
1162 2736 1330 2790 notio
1385 2731 1785 2789 Britanniae.

106 2816 421 2876 Britannia
465 2839 673 2880 omnes
707 2819 835 2879 illas
874 2822 1095 2879 insulas
1135 2842 1294 2902 quae
1341 2820 1503 2878 inter
1552 2817 1786 2898 Hispa-

107 2905 274 2963 niam
319 2920 381 2966 et
418 2905 816 2965 Germaniam
850 2930 914 2966 ac
962 2908 1190 2966 Galliae
1217 2908 1598 2966 vicinitatem
1621 2915 1785 2977 sunt,

107 3014 217 3052 suo
256 2995 503 3055 nomine
531 2994 975 3077 complectitur.
1023 2999 1373 3057 Britannia
1419 2989 1788 3055 nominaba—

1595 3092 1700 3139 tur
