<?xml version="1.0" encoding="UTF-8"?>
<!DOCTYPE html PUBLIC "-//W3C//DTD XHTML 1.0 Transitional//EN"
    "http://www.w3.org/TR/xhtml1/DTD/xhtml1-transitional.dtd">
<html xmlns="http://www.w3.org/1999/xhtml" xml:lang="en" lang="en">
 <head>
  <title>
</title>
<meta http-equiv="Content-Type" content="text/html;charset=utf-8" />
  <meta name='ocr-system' content='tesseract 3.04.00' />
  <meta name='ocr-capabilities' content='ocr_page ocr_carea ocr_par ocr_line ocrx_word'/>
</head>
<body>
  <div class='ocr_page' id='page_1' title='image "./historiauniversa03nagy_0067.png"; bbox 0 0 1940 3672; ppageno 0'>
   <div class='ocr_carea' id='block_1_1' title="bbox 506 128 1609 216">
    <p class='ocr_par' dir='ltr' id='par_1_1' title="bbox 506 128 1609 216">
     <span class='ocr_line' id='line_1_1' title="bbox 506 128 1609 216; baseline -0.009 -16"><span class='ocrx_word' id='word_1_1' title='bbox 506 128 1137 216; x_wconf 79' lang='lat' dir='ltr'><em>Hispanorum.</em></span> <span class='ocrx_word' id='word_1_2' title='bbox 1529 135 1609 191; x_wconf 78' lang='lat'>43</span> 
     </span>
    </p>
   </div>
   <div class='ocr_carea' id='block_1_2' title="bbox 28 308 1738 2770">
    <p class='ocr_par' dir='ltr' id='par_1_2' title="bbox 33 308 1720 833">
     <span class='ocr_line' id='line_1_2' title="bbox 34 308 1711 400; baseline -0.008 -20"><span class='ocrx_word' id='word_1_3' title='bbox 34 331 213 392; x_wconf 77' lang='lat' dir='ltr'>runt3</span> <span class='ocrx_word' id='word_1_4' title='bbox 259 338 525 400; x_wconf 87' lang='lat' dir='ltr'>quorum</span> <span class='ocrx_word' id='word_1_5' title='bbox 555 327 844 385; x_wconf 79' lang='lat' dir='ltr'>conatuS,</span> <span class='ocrx_word' id='word_1_6' title='bbox 889 312 1121 371; x_wconf 77' lang='lat' dir='ltr'>victrix</span> <span class='ocrx_word' id='word_1_7' title='bbox 1144 308 1416 369; x_wconf 85' lang='lat' dir='ltr'>Gallicus</span> <span class='ocrx_word' id='word_1_8' title='bbox 1468 309 1711 366; x_wconf 82' lang='lat' dir='ltr'>exerci-</span> 
     </span>
     <span class='ocr_line' id='line_1_3' title="bbox 33 397 1712 472; baseline -0.01 -7"><span class='ocrx_word' id='word_1_9' title='bbox 33 423 128 466; x_wconf 77' lang='lat' dir='ltr'>tus</span> <span class='ocrx_word' id='word_1_10' title='bbox 174 405 504 465; x_wconf 84' lang='lat' dir='ltr'>fortissimo</span> <span class='ocrx_word' id='word_1_11' title='bbox 548 423 618 459; x_wconf 85' lang='lat' dir='ltr'>ac</span> <span class='ocrx_word' id='word_1_12' title='bbox 662 401 1070 459; x_wconf 86' lang='lat' dir='ltr'>celeberrimo</span> <span class='ocrx_word' id='word_1_13' title='bbox 1112 397 1268 457; x_wconf 84' lang='lat' dir='ltr'>duee</span> <span class='ocrx_word' id='word_1_14' title='bbox 1328 398 1712 472; x_wconf 72' lang='lat' dir='ltr'>Atzgoaleme</span> 
     </span>
     <span class='ocr_line' id='line_1_4' title="bbox 34 483 1718 575; baseline -0.01 -22"><span class='ocrx_word' id='word_1_15' title='bbox 34 496 355 575; x_wconf 81' lang='lat' dir='ltr'>Principe,</span> <span class='ocrx_word' id='word_1_16' title='bbox 389 491 538 569; x_wconf 83' lang='lat' dir='ltr'>(qni</span> <span class='ocrx_word' id='word_1_17' title='bbox 580 487 762 547; x_wconf 88' lang='lat' dir='ltr'>hodie</span> <span class='ocrx_word' id='word_1_18' title='bbox 786 489 1008 546; x_wconf 89' lang='lat' dir='ltr'>solium</span> <span class='ocrx_word' id='word_1_19' title='bbox 1042 485 1344 543; x_wconf 84' lang='lat' dir='ltr'>Gallicum</span> <span class='ocrx_word' id='word_1_20' title='bbox 1383 483 1718 541; x_wconf 85' lang='lat' dir='ltr'>subnomi-</span> 
     </span>
     <span class='ocr_line' id='line_1_5' title="bbox 34 570 1720 656; baseline -0.007 -18"><span class='ocrx_word' id='word_1_21' title='bbox 34 605 112 640; x_wconf 85' lang='lat' dir='ltr'>ne</span> <span class='ocrx_word' id='word_1_22' title='bbox 155 582 360 637; x_wconf 77' lang='lat' dir='ltr'>Caroli</span> <span class='ocrx_word' id='word_1_23' title='bbox 379 579 457 634; x_wconf 92' lang='lat' dir='ltr'>X.</span> <span class='ocrx_word' id='word_1_24' title='bbox 477 577 662 656; x_wconf 80' lang='lat' dir='ltr'>Regis</span> <span class='ocrx_word' id='word_1_25' title='bbox 683 575 944 636; x_wconf 80' lang='lat' dir='ltr'><strong>feliciter</strong></span> <span class='ocrx_word' id='word_1_26' title='bbox 964 570 1366 647; x_wconf 84' lang='lat' dir='ltr'>conscendit)</span> <span class='ocrx_word' id='word_1_27' title='bbox 1399 582 1720 650; x_wconf 83' lang='lat' dir='ltr'>uteunque</span> 
     </span>
     <span class='ocr_line' id='line_1_6' title="bbox 34 661 1720 745; baseline -0.009 -18"><span class='ocrx_word' id='word_1_28' title='bbox 34 669 372 736; x_wconf 86' lang='lat' dir='ltr'>snbvertit,</span> <span class='ocrx_word' id='word_1_29' title='bbox 435 676 496 721; x_wconf 93' lang='lat' dir='ltr'>et</span> <span class='ocrx_word' id='word_1_30' title='bbox 554 664 900 745; x_wconf 82' lang='lat' dir='ltr'>legitimum</span> <span class='ocrx_word' id='word_1_31' title='bbox 967 665 1203 744; x_wconf 81' lang='lat' dir='ltr'>Regem</span> <span class='ocrx_word' id='word_1_32' title='bbox 1258 661 1720 718; x_wconf 65' lang='lat' dir='ltr'>Fer-elinandum</span> 
     </span>
     <span class='ocr_line' id='line_1_7' title="bbox 36 748 1447 833; baseline -0.007 -21"><span class='ocrx_word' id='word_1_33' title='bbox 36 756 175 814; x_wconf 88' lang='lat' dir='ltr'><strong>VII.</strong></span> <span class='ocrx_word' id='word_1_34' title='bbox 224 752 448 810; x_wconf 87' lang='lat' dir='ltr'>throno</span> <span class='ocrx_word' id='word_1_35' title='bbox 481 755 824 832; x_wconf 86' lang='lat' dir='ltr'>repositum</span> <span class='ocrx_word' id='word_1_36' title='bbox 858 751 1118 833; x_wconf 87' lang='lat' dir='ltr'>amplius</span> <span class='ocrx_word' id='word_1_37' title='bbox 1159 748 1447 808; x_wconf 87' lang='lat' dir='ltr'>firmavit.</span> 
     </span>
    </p>

    <p class='ocr_par' dir='ltr' id='par_1_3' title="bbox 28 835 1738 2676">
     <span class='ocr_line' id='line_1_8' title="bbox 188 835 1721 918; baseline -0.005 -22"><span class='ocrx_word' id='word_1_38' title='bbox 188 842 233 918; x_wconf 57' lang='grc' dir='ltr'>ᾗ.</span> <span class='ocrx_word' id='word_1_39' title='bbox 284 840 337 898; x_wconf 82' lang='grc'>5.</span> <span class='ocrx_word' id='word_1_40' title='bbox 387 842 609 899; x_wconf 72' lang='lat' dir='ltr'>Status</span> <span class='ocrx_word' id='word_1_41' title='bbox 648 843 1023 898; x_wconf 71' lang='lat' dir='ltr'>Literaram</span> <span class='ocrx_word' id='word_1_42' title='bbox 1062 850 1123 895; x_wconf 73' lang='lat' dir='ltr'>et</span> <span class='ocrx_word' id='word_1_43' title='bbox 1168 838 1430 894; x_wconf 72' lang='lat' dir='ltr'>Artium</span> <span class='ocrx_word' id='word_1_44' title='bbox 1479 836 1544 893; x_wconf 75' lang='lat' dir='ltr'>in</span> <span class='ocrx_word' id='word_1_45' title='bbox 1592 835 1721 889; x_wconf 71' lang='lat' dir='ltr'>Hi-</span> 
     </span>
     <span class='ocr_line' id='line_1_9' title="bbox 32 922 1725 1008; baseline -0.005 -22"><span class='ocrx_word' id='word_1_46' title='bbox 32 931 268 1004; x_wconf 69' lang='lat' dir='ltr'>spania.</span> <span class='ocrx_word' id='word_1_47' title='bbox 318 928 491 984; x_wconf 86' lang='lat' dir='ltr'>Sicut</span> <span class='ocrx_word' id='word_1_48' title='bbox 522 926 912 1008; x_wconf 81' lang='lat' dir='ltr'>Religionem</span> <span class='ocrx_word' id='word_1_49' title='bbox 934 972 948 999; x_wconf 88' lang='lat'>,</span> <span class='ocrx_word' id='word_1_50' title='bbox 983 928 1062 985; x_wconf 87' lang='lat' dir='ltr'>ita</span> <span class='ocrx_word' id='word_1_51' title='bbox 1100 927 1285 984; x_wconf 87' lang='lat' dir='ltr'>etiam</span> <span class='ocrx_word' id='word_1_52' title='bbox 1316 925 1555 982; x_wconf 85' lang='lat' dir='ltr'>Literas</span> <span class='ocrx_word' id='word_1_53' title='bbox 1594 922 1725 1002; x_wconf 58' lang='lat' dir='ltr'>pri-›-</span> 
     </span>
     <span class='ocr_line' id='line_1_10' title="bbox 31 1008 1725 1098; baseline -0.006 -23"><span class='ocrx_word' id='word_1_54' title='bbox 31 1037 162 1075; x_wconf 85' lang='lat' dir='ltr'>mus</span> <span class='ocrx_word' id='word_1_55' title='bbox 199 1029 338 1097; x_wconf 87' lang='lat' dir='ltr'>post</span> <span class='ocrx_word' id='word_1_56' title='bbox 373 1014 677 1073; x_wconf 82' lang='lat' dir='ltr'>diluvium</span> <span class='ocrx_word' id='word_1_57' title='bbox 716 1018 776 1073; x_wconf 87' lang='lat' dir='ltr'>in</span> <span class='ocrx_word' id='word_1_58' title='bbox 812 1015 1174 1098; x_wconf 81' lang='lat' dir='ltr'>Hispaniam</span> <span class='ocrx_word' id='word_1_59' title='bbox 1204 1010 1482 1070; x_wconf 88' lang='lat' dir='ltr'>intulisse</span> <span class='ocrx_word' id='word_1_60' title='bbox 1522 1008 1725 1068; x_wconf 83' lang='lat' dir='ltr'>credi—</span> 
     </span>
     <span class='ocr_line' id='line_1_11' title="bbox 32 1097 1727 1186; baseline -0.005 -25"><span class='ocrx_word' id='word_1_61' title='bbox 32 1117 149 1162; x_wconf 86' lang='lat' dir='ltr'>tur.</span> <span class='ocrx_word' id='word_1_62' title='bbox 209 1103 408 1160; x_wconf 69' lang='lat' dir='ltr'>Tabae</span> <span class='ocrx_word' id='word_1_63' title='bbox 454 1106 698 1160; x_wconf 71' lang='lat' dir='ltr'>Noaclzi</span> <span class='ocrx_word' id='word_1_64' title='bbox 739 1125 969 1186; x_wconf 65' lang='grc' dir='ltr'><strong>ηεροδ,</strong></span> <span class='ocrx_word' id='word_1_65' title='bbox 1007 1102 1083 1160; x_wconf 90' lang='lat' dir='ltr'>de</span> <span class='ocrx_word' id='word_1_66' title='bbox 1116 1101 1341 1182; x_wconf 84' lang='lat' dir='ltr'>quibus</span> <span class='ocrx_word' id='word_1_67' title='bbox 1383 1098 1611 1156; x_wconf 79' lang='lat' dir='ltr'>Strabo</span> <span class='ocrx_word' id='word_1_68' title='bbox 1658 1097 1727 1176; x_wconf 85' lang='lat' dir='ltr'>a)</span> 
     </span>
     <span class='ocr_line' id='line_1_12' title="bbox 29 1187 1724 1274; baseline -0.006 -23"><span class='ocrx_word' id='word_1_69' title='bbox 29 1193 114 1251; x_wconf 89' lang='lat' dir='ltr'>sic</span> <span class='ocrx_word' id='word_1_70' title='bbox 158 1188 406 1250; x_wconf 84' lang='lat' dir='ltr'>disserit</span> <span class='ocrx_word' id='word_1_71' title='bbox 437 1213 448 1248; x_wconf 92' lang='lat'>:</span> <span class='ocrx_word' id='word_1_72' title='bbox 483 1213 585 1250; x_wconf 89' lang='lat' dir='ltr'>eos</span> <span class='ocrx_word' id='word_1_73' title='bbox 631 1192 968 1274; x_wconf 80' lang='lat' dir='ltr'>Hispaniae</span> <span class='ocrx_word' id='word_1_74' title='bbox 1010 1189 1272 1273; x_wconf 87' lang='lat' dir='ltr'>populos</span> <span class='ocrx_word' id='word_1_75' title='bbox 1312 1187 1421 1267; x_wconf 88' lang='lat' dir='ltr'>qui</span> <span class='ocrx_word' id='word_1_76' title='bbox 1452 1187 1724 1246; x_wconf 86' lang='lat' dir='ltr'>Beticam</span> 
     </span>
     <span class='ocr_line' id='line_1_13' title="bbox 30 1275 1724 1357; baseline -0.005 -20"><span class='ocrx_word' id='word_1_77' title='bbox 30 1281 160 1338; x_wconf 88' lang='lat' dir='ltr'>sive</span> <span class='ocrx_word' id='word_1_78' title='bbox 205 1276 651 1339; x_wconf 81' lang='lat' dir='ltr'>Turdetaniam</span> <span class='ocrx_word' id='word_1_79' title='bbox 707 1278 1022 1353; x_wconf 82' lang='lat' dir='ltr'>incolunt,</span> <span class='ocrx_word' id='word_1_80' title='bbox 1088 1276 1362 1357; x_wconf 84' lang='lat' dir='ltr'>reliquos</span> <span class='ocrx_word' id='word_1_81' title='bbox 1425 1275 1724 1356; x_wconf 84' lang='lat' dir='ltr'>sapientia</span> 
     </span>
     <span class='ocr_line' id='line_1_14' title="bbox 33 1364 1730 1448; baseline -0.005 -22"><span class='ocrx_word' id='word_1_82' title='bbox 33 1365 340 1426; x_wconf 79' lang='lat' dir='ltr'>excellere</span> <span class='ocrx_word' id='word_1_83' title='bbox 359 1412 373 1439; x_wconf 93' lang='lat'>,</span> <span class='ocrx_word' id='word_1_84' title='bbox 420 1366 985 1448; x_wconf 84' lang='lat' dir='ltr'>memorandaeque</span> <span class='ocrx_word' id='word_1_85' title='bbox 1023 1364 1344 1426; x_wconf 77' lang='lat' dir='ltr'>vetustatis</span> <span class='ocrx_word' id='word_1_86' title='bbox 1362 1382 1730 1420; x_wconf 80' lang='lat' dir='ltr'>monumen-</span> 
     </span>
     <span class='ocr_line' id='line_1_15' title="bbox 36 1449 1731 1539; baseline -0.004 -28"><span class='ocrx_word' id='word_1_87' title='bbox 36 1469 97 1512; x_wconf 86' lang='lat' dir='ltr'>ta</span> <span class='ocrx_word' id='word_1_88' title='bbox 130 1452 378 1528; x_wconf 85' lang='lat' dir='ltr'>habere,</span> <span class='ocrx_word' id='word_1_89' title='bbox 414 1461 695 1538; x_wconf 78' lang='lat' dir='ltr'>poemata</span> <span class='ocrx_word' id='word_1_90' title='bbox 715 1477 968 1539; x_wconf 85' lang='lat' dir='ltr'>qnoque</span> <span class='ocrx_word' id='word_1_91' title='bbox 991 1470 1052 1515; x_wconf 79' lang='lat' dir='ltr'>et</span> <span class='ocrx_word' id='word_1_92' title='bbox 1089 1455 1250 1535; x_wconf 80' lang='lat' dir='ltr'>leges</span> <span class='ocrx_word' id='word_1_93' title='bbox 1272 1449 1557 1509; x_wconf 77' lang='lat' dir='ltr'>versibus</span> <span class='ocrx_word' id='word_1_94' title='bbox 1582 1470 1731 1507; x_wconf 81' lang='lat' dir='ltr'>con-</span> 
     </span>
     <span class='ocr_line' id='line_1_16' title="bbox 31 1537 1730 1626; baseline -0.005 -25"><span class='ocrx_word' id='word_1_95' title='bbox 31 1545 288 1626; x_wconf 85' lang='lat' dir='ltr'>scriptas</span> <span class='ocrx_word' id='word_1_96' title='bbox 325 1566 358 1600; x_wconf 88' lang='lat' dir='ltr'>a</span> <span class='ocrx_word' id='word_1_97' title='bbox 389 1565 495 1603; x_wconf 79' lang='lat' dir='ltr'>sex</span> <span class='ocrx_word' id='word_1_98' title='bbox 528 1566 836 1605; x_wconf 86' lang='lat' dir='ltr'>annornm</span> <span class='ocrx_word' id='word_1_99' title='bbox 870 1542 1146 1601; x_wconf 85' lang='lat' dir='ltr'>millibus</span> <span class='ocrx_word' id='word_1_100' title='bbox 1172 1586 1188 1612; x_wconf 92' lang='lat'><em>‚</em></span> <span class='ocrx_word' id='word_1_101' title='bbox 1238 1537 1427 1620; x_wconf 76' lang='lat' dir='ltr'>idque</span> <span class='ocrx_word' id='word_1_102' title='bbox 1462 1540 1620 1620; x_wconf 86' lang='lat' dir='ltr'>ipsos</span> <span class='ocrx_word' id='word_1_103' title='bbox 1653 1558 1730 1594; x_wconf 75' lang='lat' dir='ltr'>ex</span> 
     </span>
     <span class='ocr_line' id='line_1_17' title="bbox 28 1627 1732 1716; baseline -0.004 -28"><span class='ocrx_word' id='word_1_104' title='bbox 28 1633 156 1688; x_wconf 48' lang='lat' dir='ltr'>,suis</span> <span class='ocrx_word' id='word_1_105' title='bbox 190 1630 517 1689; x_wconf 82' lang='lat' dir='ltr'>annalibus</span> <span class='ocrx_word' id='word_1_106' title='bbox 542 1631 796 1693; x_wconf 84' lang='lat' dir='ltr'>referre.</span> <span class='ocrx_word' id='word_1_107' title='bbox 843 1630 1025 1704; x_wconf 86' lang='lat' dir='ltr'>Quod</span> <span class='ocrx_word' id='word_1_108' title='bbox 1055 1634 1256 1716; x_wconf 88' lang='lat' dir='ltr'>ipsum</span> <span class='ocrx_word' id='word_1_109' title='bbox 1290 1630 1537 1686; x_wconf 74' lang='lat' dir='ltr'>Annius</span> <span class='ocrx_word' id='word_1_110' title='bbox 1570 1627 1732 1683; x_wconf 85' lang='lat' dir='ltr'>affir-</span> 
     </span>
     <span class='ocr_line' id='line_1_18' title="bbox 33 1715 1727 1803; baseline -0.004 -27"><span class='ocrx_word' id='word_1_111' title='bbox 33 1733 159 1779; x_wconf 80' lang='lat' dir='ltr'>mat</span> <span class='ocrx_word' id='word_1_112' title='bbox 193 1716 312 1778; x_wconf 80' lang='lat' dir='ltr'>his:</span> <span class='ocrx_word' id='word_1_113' title='bbox 372 1718 829 1803; x_wconf 84' lang='lat' dir='ltr'>Philosophiam</span> <span class='ocrx_word' id='word_1_114' title='bbox 883 1735 944 1779; x_wconf 89' lang='lat' dir='ltr'>et</span> <span class='ocrx_word' id='word_1_115' title='bbox 1009 1721 1244 1779; x_wconf 86' lang='lat' dir='ltr'>Literas</span> <span class='ocrx_word' id='word_1_116' title='bbox 1296 1719 1357 1773; x_wconf 87' lang='lat' dir='ltr'>in</span> <span class='ocrx_word' id='word_1_117' title='bbox 1426 1715 1727 1796; x_wconf 75' lang='lat' dir='ltr'>Hispania</span> 
     </span>
     <span class='ocr_line' id='line_1_19' title="bbox 37 1803 1731 1891; baseline 0.002 -28"><span class='ocrx_word' id='word_1_118' title='bbox 37 1806 222 1866; x_wconf 78' lang='lat' dir='ltr'>fnisse</span> <span class='ocrx_word' id='word_1_119' title='bbox 268 1811 688 1891; x_wconf 79' lang='lat' dir='ltr'>septingentos</span> <span class='ocrx_word' id='word_1_120' title='bbox 712 1808 841 1868; x_wconf 89' lang='lat' dir='ltr'>fere</span> <span class='ocrx_word' id='word_1_121' title='bbox 866 1831 1056 1868; x_wconf 85' lang='lat' dir='ltr'>annos</span> <span class='ocrx_word' id='word_1_122' title='bbox 1075 1821 1404 1887; x_wconf 70' lang='lat' dir='ltr'>antequam</span> <span class='ocrx_word' id='word_1_123' title='bbox 1448 1806 1508 1860; x_wconf 68' lang='lat' dir='ltr'>in</span> <span class='ocrx_word' id='word_1_124' title='bbox 1536 1803 1731 1860; x_wconf 68' lang='lat' dir='ltr'>Grae-</span> 
     </span>
     <span class='ocr_line' id='line_1_20' title="bbox 35 1892 1733 1978; baseline -0.004 -26"><span class='ocrx_word' id='word_1_125' title='bbox 35 1898 193 1956; x_wconf 83' lang='lat' dir='ltr'>ciam</span> <span class='ocrx_word' id='word_1_126' title='bbox 231 1899 655 1978; x_wconf 83' lang='lat' dir='ltr'>pervenirent.</span> <span class='ocrx_word' id='word_1_127' title='bbox 706 1897 878 1956; x_wconf 89' lang='lat' dir='ltr'>Idem</span> <span class='ocrx_word' id='word_1_128' title='bbox 914 1900 1162 1958; x_wconf 75' lang='lat' dir='ltr'>Annius</span> <span class='ocrx_word' id='word_1_129' title='bbox 1200 1894 1380 1954; x_wconf 80' lang='lat' dir='ltr'>dicit:</span> <span class='ocrx_word' id='word_1_130' title='bbox 1423 1892 1484 1970; x_wconf 77' lang='lat' dir='ltr'>b)</span> <span class='ocrx_word' id='word_1_131' title='bbox 1524 1892 1733 1949; x_wconf 74' lang='lat' dir='ltr'>Jahel-</span> 
     </span>
     <span class='ocr_line' id='line_1_21' title="bbox 34 1977 1734 2064; baseline -0.005 -22"><span class='ocrx_word' id='word_1_132' title='bbox 34 1989 117 2051; x_wconf 79' lang='lat' dir='ltr'>cla</span> <span class='ocrx_word' id='word_1_133' title='bbox 157 1987 548 2043; x_wconf 81' lang='lat' dir='ltr'>convertitur</span> <span class='ocrx_word' id='word_1_134' title='bbox 587 1987 646 2042; x_wconf 89' lang='lat' dir='ltr'>in</span> <span class='ocrx_word' id='word_1_135' title='bbox 683 1985 995 2060; x_wconf 73' lang='lat' dir='ltr'>Latinum,</span> <span class='ocrx_word' id='word_1_136' title='bbox 1014 2006 1226 2064; x_wconf 81' lang='lat' dir='ltr'>magus</span> <span class='ocrx_word' id='word_1_137' title='bbox 1269 1978 1521 2041; x_wconf 86' lang='lat' dir='ltr'>deificae</span> <span class='ocrx_word' id='word_1_138' title='bbox 1556 1977 1734 2047; x_wconf 77' lang='lat' dir='ltr'>voln-</span> 
     </span>
     <span class='ocr_line' id='line_1_22' title="bbox 41 2067 1735 2155; baseline -0.005 -24"><span class='ocrx_word' id='word_1_139' title='bbox 41 2074 268 2155; x_wconf 81' lang='lat' dir='ltr'>ptatiS,</span> <span class='ocrx_word' id='word_1_140' title='bbox 336 2072 395 2130; x_wconf 86' lang='lat' dir='ltr'>id</span> <span class='ocrx_word' id='word_1_141' title='bbox 452 2086 543 2132; x_wconf 89' lang='lat' dir='ltr'>est</span> <span class='ocrx_word' id='word_1_142' title='bbox 597 2070 945 2154; x_wconf 82' lang='lat' dir='ltr'>Theologus</span> <span class='ocrx_word' id='word_1_143' title='bbox 994 2069 1561 2155; x_wconf 85' lang='lat' dir='ltr'>Philosophusque,</span> <span class='ocrx_word' id='word_1_144' title='bbox 1624 2067 1735 2148; x_wconf 84' lang='lat' dir='ltr'>qui</span> 
     </span>
     <span class='ocr_line' id='line_1_23' title="bbox 38 2159 1736 2243; baseline -0.004 -24"><span class='ocrx_word' id='word_1_145' title='bbox 38 2163 276 2243; x_wconf 87' lang='lat' dir='ltr'>primus</span> <span class='ocrx_word' id='word_1_146' title='bbox 317 2159 719 2243; x_wconf 77' lang='lat' dir='ltr'>Theologiam</span> <span class='ocrx_word' id='word_1_147' title='bbox 765 2175 827 2220; x_wconf 86' lang='lat' dir='ltr'>et</span> <span class='ocrx_word' id='word_1_148' title='bbox 863 2183 1031 2220; x_wconf 88' lang='lat' dir='ltr'>sacra</span> <span class='ocrx_word' id='word_1_149' title='bbox 1068 2161 1259 2219; x_wconf 83' lang='lat' dir='ltr'>auxit.</span> <span class='ocrx_word' id='word_1_150' title='bbox 1285 2160 1545 2219; x_wconf 80' lang='lat' dir='ltr'>Veteres</span> <span class='ocrx_word' id='word_1_151' title='bbox 1585 2176 1736 2236; x_wconf 82' lang='lat' dir='ltr'>ergo</span> 
     </span>
     <span class='ocr_line' id='line_1_24' title="bbox 40 2242 1736 2332; baseline -0.004 -24"><span class='ocrx_word' id='word_1_152' title='bbox 40 2249 302 2332; x_wconf 87' lang='lat' dir='ltr'>Hispani</span> <span class='ocrx_word' id='word_1_153' title='bbox 342 2251 404 2308; x_wconf 91' lang='lat' dir='ltr'>in</span> <span class='ocrx_word' id='word_1_154' title='bbox 437 2248 777 2332; x_wconf 84' lang='lat' dir='ltr'>tranquillo</span> <span class='ocrx_word' id='word_1_155' title='bbox 813 2252 942 2309; x_wconf 86' lang='lat' dir='ltr'>otio</span> <span class='ocrx_word' id='word_1_156' title='bbox 970 2265 1037 2310; x_wconf 87' lang='lat' dir='ltr'>ut</span> <span class='ocrx_word' id='word_1_157' title='bbox 1084 2248 1424 2331; x_wconf 84' lang='lat' dir='ltr'>plurimum</span> <span class='ocrx_word' id='word_1_158' title='bbox 1463 2242 1736 2328; x_wconf 88' lang='lat' dir='ltr'>philoso—</span> 
     </span>
     <span class='ocr_line' id='line_1_25' title="bbox 42 2335 1734 2423; baseline -0.002 -29"><span class='ocrx_word' id='word_1_159' title='bbox 42 2335 430 2419; x_wconf 84' lang='lat' dir='ltr'>phabantur,</span> <span class='ocrx_word' id='word_1_160' title='bbox 477 2353 540 2399; x_wconf 88' lang='lat' dir='ltr'>et</span> <span class='ocrx_word' id='word_1_161' title='bbox 589 2338 705 2397; x_wconf 88' lang='lat' dir='ltr'>sub</span> <span class='ocrx_word' id='word_1_162' title='bbox 753 2339 1272 2423; x_wconf 85' lang='lat' dir='ltr'>praestantissimo</span> <span class='ocrx_word' id='word_1_163' title='bbox 1330 2337 1689 2416; x_wconf 79' lang='lat' dir='ltr'>Magistratu</span> <span class='ocrx_word' id='word_1_164' title='bbox 1719 2375 1734 2403; x_wconf 88' lang='lat'>‚</span> 
     </span>
     <span class='ocr_line' id='line_1_26' title="bbox 39 2423 1737 2500; baseline -0.002 -18"><span class='ocrx_word' id='word_1_165' title='bbox 39 2424 116 2486; x_wconf 90' lang='lat' dir='ltr'>de</span> <span class='ocrx_word' id='word_1_166' title='bbox 163 2440 385 2485; x_wconf 83' lang='lat' dir='ltr'>natura</span> <span class='ocrx_word' id='word_1_167' title='bbox 431 2426 747 2500; x_wconf 82' lang='lat' dir='ltr'>Deorum,</span> <span class='ocrx_word' id='word_1_168' title='bbox 807 2427 1070 2487; x_wconf 88' lang='lat' dir='ltr'>Ratione</span> <span class='ocrx_word' id='word_1_169' title='bbox 1111 2439 1370 2484; x_wconf 85' lang='lat' dir='ltr'>naturae</span> <span class='ocrx_word' id='word_1_170' title='bbox 1420 2438 1482 2484; x_wconf 90' lang='lat' dir='ltr'>et</span> <span class='ocrx_word' id='word_1_171' title='bbox 1531 2423 1737 2482; x_wconf 83' lang='lat' dir='ltr'>virtu-</span> 
     </span>
     <span class='ocr_line' id='line_1_27' title="bbox 37 2510 1738 2595; baseline -0.005 -21"><span class='ocrx_word' id='word_1_172' title='bbox 37 2513 202 2574; x_wconf 83' lang='lat' dir='ltr'>tibus</span> <span class='ocrx_word' id='word_1_173' title='bbox 225 2560 240 2588; x_wconf 94' lang='lat'>,</span> <span class='ocrx_word' id='word_1_174' title='bbox 288 2513 521 2575; x_wconf 87' lang='lat' dir='ltr'>eruditi</span> <span class='ocrx_word' id='word_1_175' title='bbox 569 2512 847 2576; x_wconf 87' lang='lat' dir='ltr'>homines</span> <span class='ocrx_word' id='word_1_176' title='bbox 885 2518 1052 2575; x_wconf 87' lang='lat' dir='ltr'>statis</span> <span class='ocrx_word' id='word_1_177' title='bbox 1085 2513 1302 2574; x_wconf 86' lang='lat' dir='ltr'>diebus</span> <span class='ocrx_word' id='word_1_178' title='bbox 1333 2511 1586 2595; x_wconf 85' lang='lat' dir='ltr'>publice</span> <span class='ocrx_word' id='word_1_179' title='bbox 1615 2510 1738 2568; x_wconf 81' lang='lat' dir='ltr'>dis-</span> 
     </span>
     <span class='ocr_line' id='line_1_28' title="bbox 44 2599 1733 2676; baseline -0.007 -11"><span class='ocrx_word' id='word_1_180' title='bbox 44 2602 372 2676; x_wconf 81' lang='lat' dir='ltr'>serebant,</span> <span class='ocrx_word' id='word_1_181' title='bbox 413 2618 483 2662; x_wconf 90' lang='lat' dir='ltr'>ut</span> <span class='ocrx_word' id='word_1_182' title='bbox 507 2603 798 2665; x_wconf 85' lang='lat' dir='ltr'>mulieres</span> <span class='ocrx_word' id='word_1_183' title='bbox 837 2605 1019 2664; x_wconf 87' lang='lat' dir='ltr'>etiam</span> <span class='ocrx_word' id='word_1_184' title='bbox 1062 2605 1442 2662; x_wconf 86' lang='lat' dir='ltr'>interessent.</span> <span class='ocrx_word' id='word_1_185' title='bbox 1490 2599 1733 2657; x_wconf 85' lang='lat' dir='ltr'>Verum</span> 
     </span>
    </p>

    <p class='ocr_par' dir='ltr' id='par_1_4' title="bbox 1482 2700 1651 2770">
     <span class='ocr_line' id='line_1_29' title="bbox 1482 2700 1651 2770; baseline -0.018 -23"><span class='ocrx_word' id='word_1_186' title='bbox 1482 2700 1651 2770; x_wconf 88' lang='lat' dir='ltr'>post-</span> 
     </span>
    </p>
   </div>
   <div class='ocr_carea' id='block_1_3' title="bbox 64 2782 379 2797">
    <p class='ocr_par' dir='ltr' id='par_1_5' title="bbox 64 2782 379 2797">
     <span class='ocr_line' id='line_1_30' title="bbox 64 2782 379 2797; baseline 0 875"><span class='ocrx_word' id='word_1_187' title='bbox 64 2782 379 2797; x_wconf 95' lang='lat' dir='ltr'> </span> 
     </span>
    </p>
   </div>
   <div class='ocr_carea' id='block_1_4' title="bbox 116 2854 1736 3137">
    <p class='ocr_par' dir='ltr' id='par_1_6' title="bbox 116 2854 1736 3137">
     <span class='ocr_line' id='line_1_31' title="bbox 116 2854 1731 2931; baseline -0.006 -18"><span class='ocrx_word' id='word_1_188' title='bbox 116 2857 177 2931; x_wconf 82' lang='lat' dir='ltr'>a)</span> <span class='ocrx_word' id='word_1_189' title='bbox 217 2858 430 2910; x_wconf 85' lang='lat' dir='ltr'>Strabo.</span> <span class='ocrx_word' id='word_1_190' title='bbox 469 2860 530 2912; x_wconf 84' lang='lat' dir='ltr'>L.</span> <span class='ocrx_word' id='word_1_191' title='bbox 569 2858 618 2910; x_wconf 85' lang='lat'>4.</span> <span class='ocrx_word' id='word_1_192' title='bbox 656 2857 1047 2927; x_wconf 82' lang='lat' dir='ltr'>Geographiae.</span> <span class='ocrx_word' id='word_1_193' title='bbox 1082 2856 1400 2908; x_wconf 85' lang='lat' dir='ltr'>Nauclerus.</span> <span class='ocrx_word' id='word_1_194' title='bbox 1438 2855 1491 2905; x_wconf 90' lang='lat' dir='ltr'>S.</span> <span class='ocrx_word' id='word_1_195' title='bbox 1528 2854 1731 2904; x_wconf 83' lang='lat' dir='ltr'>Hiero-</span> 
     </span>
     <span class='ocr_line' id='line_1_32' title="bbox 197 2924 1732 3068; baseline -0.002 -20"><span class='ocrx_word' id='word_1_196' title='bbox 197 2928 729 3049; x_wconf 49' lang='lat' dir='ltr'>iffffiffissiffmm</span> <span class='ocrx_word' id='word_1_197' title='bbox 751 2924 1732 3068; x_wconf 46' lang='lat' dir='ltr'>b‘ffeffliifflfeussassivffisiffld&#39;ssiffhiffi‘</span> 
     </span>
     <span class='ocr_line' id='line_1_33' title="bbox 198 3012 1736 3137; baseline -0.002 -18"><span class='ocrx_word' id='word_1_198' title='bbox 198 3070 264 3130; x_wconf 80' lang='lat' dir='ltr'>L.</span> <span class='ocrx_word' id='word_1_199' title='bbox 302 3066 352 3124; x_wconf 79' lang='lat'>8.</span> <span class='ocrx_word' id='word_1_200' title='bbox 390 3017 760 3137; x_wconf 50' lang='lat' dir='ltr'>Aupgusnnffle</span> <span class='ocrx_word' id='word_1_201' title='bbox 801 3067 948 3119; x_wconf 84' lang='lat' dir='ltr'>civit.</span> <span class='ocrx_word' id='word_1_202' title='bbox 982 3068 1098 3118; x_wconf 84' lang='lat' dir='ltr'>Dei.</span> <span class='ocrx_word' id='word_1_203' title='bbox 1134 3036 1142 3045; x_wconf 73' lang='lat'>-</span> <span class='ocrx_word' id='word_1_204' title='bbox 1584 3012 1634 3064; x_wconf 46' lang='lat' dir='ltr'>p·</span> <span class='ocrx_word' id='word_1_205' title='bbox 1722 3031 1736 3046; x_wconf 35' lang='grc' dir='ltr'><strong><em>Ο</em></strong></span> 
     </span>
    </p>
   </div>
  </div>
 </body>
</html>
