1940 3672
224 165 346 225 298
751 167 1187 225 Historia

134 356 258 403 est:
321 363 390 401 ac
434 342 616 426 proin
659 342 1015 398 Fridericus
1061 339 1431 398 IVilhelmas
1468 337 1819 400 absolutum

135 430 483 490 dominium
538 432 600 486 in
655 430 1002 488 Bo'russiam
1063 426 1493 498 introducens⁷
1567 425 1723 485 obiit
1770 449 1819 483 a,

143 518 325 579 1688.
358 521 457 578 cui
486 519 769 577 successit
804 515 966 576 filius
997 518 1355 575 Friclericns
1391 517 1439 573 I.
1472 516 1699 597 Regiae
1728 512 1823 574 di-

138 608 383 690 gnitatis
424 620 708 667 assertor.
757 605 838 685 (ι)

499 786 820 881 Reges
872 785 1438 856 Borussiae.

309 943 672 1001 Friclericns
694 942 744 997 I.
782 938 857 999 ad
882 961 1191 999 summum
1223 937 1474 1001 honoris
1510 939 1821 1025 fastigium

135 1030 484 1113 Augustam
515 1050 689 1088 suam
715 1028 1034 1089 Familiam
1054 1031 1262 1089 evexit
1286 1051 1480 1112 quum
1501 1053 1596 1090 an.
1637 1033 1820 1092 1701.

130 1140 432 1179 consensu
478 1122 778 1194 Leopolcli
810 1119 1245 1200 ImperatoriS,
1306 1118 1681 1179 faustissimis
1718 1144 1825 1179 au-

131 1209 338 1291 spiciis
376 1209 614 1291 primus
654 1207 977 1268 Borussiae
1021 1208 1182 1289 regis
1220 1206 1465 1266 titulum
1508 1211 1823 1268 assumsis-

132 1311 256 1356 set:
306 1298 558 1379 insuper
595 1296 939 1378 augebatur
979 1293 1108 1376 ejus
1138 1298 1411 1378 potentia
1444 1294 1580 1379 jure
1603 1298 1823 1356 Arau-

132 1387 428 1444 sionensis
478 1385 858 1468 principatus
906 1404 1018 1443 nec
1057 1405 1183 1442 non
1234 1386 1504 1442 Ducatus
1540 1387 1817 1443 Neobmu

125 1477 335 1551 gensis
358 1498 385 1546 ,·
450 1475 823 1555 ornavitque
858 1494 1119 1554 regnum
1150 1473 1337 1532 variis
1389 1472 1649 1554 politicis
1693 1475 1817 1532 suis

128 1563 425 1621 institutis
491 1581 562 1620 ac
610 1559 1242 1642 splendidissimarum
1271 1558 1515 1620 aedium
1553 1563 1818 1621 erectio-

128 1650 351 1724 nibus,
415 1647 834 1730 fundatorque
882 1650 1114 1709 exstitit
1163 1646 1621 1708 Celeberrimae
1659 1650 1819 1707 Uni-

124 1740 433 1798 versitatis
478 1740 779 1797 Halensis
824 1739 1297 1795 Friclericiancce
1345 1734 1582 1810 dictae,
1669 1738 1818 1796 item

126 1825 420 1887 Eruditae
468 1827 768 1887 societatis
811 1826 1239 1883 Ber-olinensis
1296 1825 1524 1906 quibus
1574 1823 1821 1884 utilissi-

123 1918 242 1974 mis
277 1917 442 1975 curis
485 1917 797 1990 intentus,
864 1912 1024 1974 obiit
1067 1913 1250 1971 1715.
1300 1926 1362 1972 et
1409 1934 1819 1975 successorem

128 2003 391 2086 reliquit

305 2091 707 2150 [Wllzelmmn
753 2092 803 2147 I.
852 2091 1163 2148 Friclerioi
1218 2090 1305 2146 II.
1365 2086 1563 2148 filium
1617 2091 1817 2150 omni-

120 2179 236 2240 bus
289 2178 365 2238 ad
407 2178 750 2261 regendum
796 2176 1045 2238 dotibus
1085 2175 1434 2251 imbutum,
1481 2179 1816 2260 optimum-

122 2290 248 2352 que
276 2290 520 2350 regem‚
567 2270 678 2350 qui
726 2269 875 2328 inita
909 2289 1050 2327 cum
1090 2266 1299 2326 Svecis
1343 2268 1653 2339 amicitia,
1702 2288 1812 2348 po-

119 2360 374 2418 tentiam
407 2370 468 2417 et
517 2355 751 2417 reditus
795 2355 1076 2440 publicos
1123 2356 1298 2436 regni
1349 2365 1409 2413 et
1455 2355 1812 2436 provincia-

117 2468 260 2505 rum
305 2446 569 2505 nimium
618 2442 886 2505 adauxit.
954 2440 1446 2524 Salisburgenses
1486 2462 1663 2501 causa
1707 2461 1811 2500 re-

116 2534 360 2617 ligionis
415 2532 804 2595 libertatibus
854 2534 979 2593 suis
1027 2533 1346 2616 privatOS,
1426 2533 1489 2589 in
1544 2552 1810 2612 regnum

118 2646 300 2685 suum
341 2621 656 2684 nonmodo
692 2624 1014 2697 evocavit,
1059 2618 1274 2706 sed-iis
1315 2620 1500 2680 etiam
1531 2616 1671 2702 jure
1715 2619 1808 2677 ci-

1568 2719 1724 2767 vita-

185 2885 260 2951 α)
300 2886 520 2939 Samuel
552 2884 952 2938 Puffendorfius
1020 2903 1104 2937 res
1157 2892 1327 2953 gestas
1359 2879 1625 2935 Friderici
1666 2879 1813 2929 Wil-

251 2957 423 3011 hclmi
474 2973 668 3022 magna
706 2957 1000 3026 prudentia
1051 2954 1318 3025 exposuit.
1373 2951 1606 3004 Berolini
1656 2948 1808 3002 1695.

255 3029 408 3080 Joan.
462 3027 666 3080 Frider.
706 3029 1017 3086 Cromcrioe.
1066 3024 1328 3095 Georgius
1375 3022 1614 3076 GotziuS.
1649 3020 1809 3072 Jenae

259 3098 415 3153 1670.
469 3111 572 3154 ete.
