1940 3672
266 200 385 267 154
794 210 1212 266 Historia

177 387 339 464 rint3
366 387 547 447 brevi
576 397 780 446 tamen
817 391 981 448 vires
1019 401 1080 446 et
1121 385 1383 444 nominis
1420 381 1642 443 famam
1667 405 1845 445 recu-

173 496 395 559 perare
439 475 696 556 aliisque
740 477 1055 556 negotium
1088 473 1379 534 facessere
1424 473 1672 553 possint.

336 562 385 639 §.
435 566 489 622 5.
543 566 765 621 Status
806 566 1181 620 Lites-aram
1204 576 1264 619 et
1288 565 1570 636 Artium,
1615 563 1680 616 in
1703 562 1851 617 Gal-

177 652 282 708 lia.
330 650 567 708 Primas
609 650 817 710 literas
851 663 990 731 post
1030 648 1334 709 diluvium
1363 670 1503 707 cum
1549 646 1851 731 religione

177 738 240 795 in
275 735 537 795 Galliam
583 737 1001 819 importarunt
1042 738 1282 795 Noaclzi
1319 750 1380 797 et
1422 738 1692 812 sapheto
1737 757 1851 794 ne—

175 835 387 908 potes3
434 822 682 883 tandem
711 824 959 906 publica
991 826 1317 906 Gymnasia
1352 838 1413 884 et
1448 822 1678 884 scholas
1699 825 1852 880 Sar-

177 931 291 969 ron
337 910 750 971 introduxisse
810 925 1103 994 putatur,
1167 911 1331 971 unde
1387 911 1741 971 divinarum
1793 924 1856 970 et

178 997 586 1059 humanarum
623 999 944 1060 literarum
989 998 1367 1061 Professores
1401 1002 1716 1057 Samotlzei
1738 1046 1754 1073 ‚
1794 1011 1858 1058 et

183 1089 565 1157 Sarronidae
597 1087 746 1148 olim
768 1088 1182 1148 vocabantur:
1217 1088 1280 1167 α)
1301 1086 1463 1148 idem
1484 1109 1626 1146 cum
1652 1090 1856 1144 Drui-

178 1176 375 1233 dibus.
423 1177 655 1236 Rector
688 1198 904 1236 eorum
939 1190 1072 1237 erat
1113 1197 1269 1235 unus
1290 1221 1307 1248 ,
1354 1197 1655 1235 summam
1694 1178 1858 1234 inter

182 1284 286 1324 eos
331 1261 559 1325 habens
608 1266 1071 1337 auctoritatem,
1134 1287 1261 1348 quo
1317 1277 1566 1322 mortuo
1625 1264 1674 1322 si
1721 1265 1861 1344 quis

182 1353 247 1409 in
274 1351 531 1434 reliquis
555 1352 801 1413 excellit
824 1351 1141 1435 dignitate,
1187 1351 1473 1411 succedit.
1521 1349 1857 1432 Privilegia

183 1460 403 1500 eorum
440 1452 645 1500 erant:
702 1440 934 1500 tributa
970 1462 1109 1499 cum
1149 1440 1406 1522 reliquis
1438 1461 1563 1498 non
1600 1438 1861 1512 solvere,

181 1526 445 1587 militiae
476 1529 888 1602 vacationem,
933 1550 1266 1611 rerumque
1312 1529 1588 1586 omnium
1636 1524 1866 1586 habent

187 1616 679 1690 immunitatem3
748 1617 973 1697 quibus
1042 1617 1287 1677 excitati
1354 1616 1641 1697 praemiis
1666 1659 1681 1688 ⁷
1759 1636 1865 1673 sua

184 1716 405 1785 sponte
439 1703 615 1761 multi
655 1705 718 1761 in
765 1703 1152 1787 disciplinam
1198 1716 1664 1772 convenerunt,
1738 1716 1798 1761 et
1832 1725 1864 1759 a

183 1791 545 1873 parentibus
568 1791 1008 1866 mittebantur,
1056 1795 1428 1870 vicenosque
1461 1810 1651 1847 annos
1685 1791 1749 1846 in
1772 1788 1869 1846 di-

187 1878 446 1960 sciplina
488 1893 990 1962 permanserunt,
1058 1901 1260 1960 neque
1314 1877 1659 1940 doctrinam
1699 1897 1870 1936 suam

190 1964 387 2026 literis
420 1966 1038 2049 comprehenderunt.
1090 1969 1148 2047 ὦ)
1183 1969 1587 2024 Druidarum
1615 1966 1867 2024 Doctri—

189 2075 335 2112 nam
387 2053 558 2116 dirae
611 2057 1005 2114 immanitatis
1071 2053 1235 2138 apud
1288 2054 1494 2113 Gallos
1547 2055 1870 2130 Augustus

190 2141 516 2203 interdixit
560 2145 929 2227 penitusque
953 2142 1239 2203 abolevit.
1278 2143 1335 2222 c)
1367 2145 1681 2199 Masieam
1711 2162 1868 2201 vero

192 2243 258 2289 et
302 2232 541 2289 Poesim
585 2234 820 2313 primus
858 2233 921 2289 in
959 2230 1224 2289 Galliam
1279 2230 1552 2290 intulisse
1596 2227 1873 2288 creditur

192 2320 455 2378 Bardas
510 2321 735 2377 Po‘e'tae
774 2320 1019 2401 organis
1070 2318 1266 2379 veluti
1317 2318 1452 2399 lyra
1513 2316 1873 2389 cantabant,

194 2408 306 2487 qui
352 2408 506 2466 tanti
570 2406 733 2489 apud
784 2428 887 2467 eos
936 2405 1223 2481 fuerunt,
1304 2421 1374 2465 ut
1425 2419 1704 2467 extructa
1747 2407 1875 2465 acie

196 2496 505 2554 exercitus
551 2494 782 2554 eductis
816 2494 1098 2569 ensibus,
1144 2515 1292 2553 mox
1332 2493 1622 2577 conjectis
1664 2491 1874 2575 jaculis

196 2585 626 2665 propinquant
659 2605 785 2642 non
820 2582 1016 2641 solum
1060 2583 1241 2642 amici
1287 2582 1392 2643 sed
1438 2596 1499 2642 et
1535 2578 1767 2655 hosteS‚
1815 2594 1878 2640 et

197 2689 234 2726 a
268 2692 476 2752 pugna
508 2673 992 2752 conquiescunt3
1054 2668 1197 2729 hinc
1249 2669 1601 2753 exemplum
1654 2690 1874 2750 capere

200 2778 552 2841 possumUS‚
600 2757 768 2840 quod
800 2757 963 2842 apud
1007 2760 1378 2840 agrestiores
1423 2761 1608 2819 etiam
1647 2757 1878 2816 Barba-

1693 2866 1795 2904 ros
1838 2866 1840 2894 ὲ

272 3037 346 3099 a)
385 3034 610 3086 Diodor.
649 3033 810 3085 Sicul.
848 3035 907 3085 L.
945 3034 999 3088 6.
1022 3032 1076 3105 b)
1110 3032 1314 3085 Plinius
1343 3032 1403 3084 L.
1433 3030 1514 3084 16.
1547 3031 1681 3083 Hist.
1706 3030 1878 3081 Natu-

363 3104 506 3156 ralis.
555 3105 608 3173 c)
647 3104 844 3155 Strabo
879 3104 941 3160 L.
979 3103 1028 3154 4.
1064 3102 1459 3172 Geographiae.
