1940 3672
511 191 828 247 Gallorum
869 196 930 242 et
963 188 1368 240 Francorum.
1597 177 1673 236 85

98 372 244 430 teris
290 391 401 452 per
422 370 711 427 Proceres
731 382 991 444 regnum
1017 358 1457 420 defen-reretur.
1506 355 1676 415 Haec
1707 354 1784 416 de

102 457 374 538 Regibus
408 467 717 533 tamquam
743 471 981 508 summo
1013 446 1423 529 Reipublicae
1455 445 1671 524 capite.
1720 443 1788 521 a)

104 543 458 624 Antequam
481 552 688 597 autem
723 537 797 597 de
827 538 1013 617 Regis
1035 534 1332 613 electione
1352 577 1367 606 ,
1414 533 1594 613 Reip.
1635 549 1791 588 con--

107 619 340 698 ventu,
386 638 446 685 et
482 627 722 684 ratione
774 624 1238 705 gubernationis
1304 616 1541 701 aliquid
1606 615 1795 676 disse-

106 737 346 787 ramus,
387 711 693 793 agendum
744 715 866 771 erit
900 710 975 770 de
1015 711 1318 769 Membris
1357 706 1599 789 Regni,
1635 724 1795 785 quae

115 824 322 883 regem
362 799 779 860 constituendi
835 812 942 858 aut
1010 795 1354 879 abrogandi
1429 804 1794 877 potestatem

107 889 492 960 habuerunt,
529 901 601 946 ut
636 889 830 969 magis
853 886 1158 947 elucescat
1194 884 1511 942 harmonia
1533 879 1797 961 illa,qua

106 977 392 1057 Regnum
429 972 546 1034 hoc
581 998 615 1033 a
656 974 998 1058 Majorihus
1032 975 1343 1054 sapienter
1401 982 1536 1030 erat
1575 968 1801 1028 consti-

103 1076 313 1123 tutum
354 1060 498 1121 inde
543 1085 577 1120 a
611 1063 999 1122 Francorum
1036 1061 1237 1121 initiis.

264 1152 590 1231 Praecipui
630 1152 837 1210 Status
895 1151 959 1208 in
1010 1147 1207 1206 Gallia
1270 1159 1413 1204 sunt
1467 1141 1575 1202 IV.
1614 1158 1802 1226 penes

105 1252 260 1313 quos
296 1237 566 1319 legitima
599 1242 795 1320 gentis
838 1238 1088 1297 comitia
1152 1233 1439 1293 omnibus
1492 1231 1806 1312 tempori-

104 1319 221 1379 hus
270 1341 477 1398 erant,
525 1349 749 1410 nempe
782 1330 950 1384 Ordo
996 1323 1472 1382 Ecclesiasticus
1496 1363 1511 1392 ‚
1549 1318 1795 1375 Nobili-

103 1419 205 1464 tas
234 1457 248 1483 ,
284 1416 555 1489 Populus
592 1428 655 1479 et
695 1419 955 1491 Vulgus.
985 1412 1069 1471 Hi
1106 1407 1330 1490 singuli
1368 1427 1486 1490 pro
1519 1426 1626 1466 sua
1652 1424 1801 1465 con-

103 1493 337 1560 ditione
369 1523 507 1561 suas
527 1499 759 1561 habent
802 1501 963 1584 leges
987 1545 1003 1572 ,
1028 1498 1261 1582 quibus
1293 1504 1577 1554 utuntur.
1613 1493 1800 1551 Ordi-

103 1606 243 1643 nem
267 1592 783 1648 Ecclesiasticzcm
795 1590 1185 1648 constituunt
1207 1582 1492 1656 Praelati3
1508 1579 1584 1639 ad
1610 1599 1801 1663 quam

105 1668 472 1756 dignitatem
510 1699 626 1759 pro
650 1678 882 1736 Galliae
920 1671 1366 1735 consvetudine
1399 1681 1653 1753 possunt
1675 1666 1806 1727 elu-

107 1765 262 1821 ctari
299 1767 481 1824 etiam
524 1763 802 1825 homines
837 1764 1042 1847 plebei
1081 1765 1319 1821 virtute
1359 1772 1420 1818 et
1443 1755 1802 1817 eruditione

108 1867 501 1931 praestante&
529 1855 710 1913 unice
735 1875 811 1913 ex
833 1852 1180 1912 reverentia
1203 1847 1562 1929 Religionis,
1614 1844 1798 1903 Nobi·

117 1941 273 1995 litas
293 1962 396 1999 seu
419 1943 754 2018 Equestris
782 1945 946 2000 Ordo
982 1940 1266 1998 maximis
1289 1935 1520 1994 fruitur
1550 1931 1808 2017 privile-

115 2027 249 2106 giis,
270 2028 509 2088 nullum
532 2029 839 2088 tributum
855 2028 1058 2102 solvit,
1079 2027 1326 2085 armatis
1346 2023 1490 2082 licet
1510 2022 1654 2105 ipsis
1674 2042 1802 2080 esse

122 2117 185 2172 in
212 2137 594 2200 quocunque
627 2117 784 2193 loco,
833 2116 1024 2177 multa
1049 2114 1277 2175 habent
1307 2114 1468 2171 vitae
1484 2108 1826 2194 praesidia,'

115 2215 178 2261 et
211 2206 259 2263 si
299 2226 512 2287 regem
544 2208 764 2265 sectari
801 2205 1029 2280 velint,
1063 2203 1295 2262 habent
1319 2221 1445 2282 quo
1466 2219 1527 2257 se
1551 2195 1806 2258 honeste

119 2290 286 2351 alant
309 2316 328 2350 .·
360 2293 629 2374 plurima
653 2307 795 2354 sunt
817 2292 990 2353 aulae
1011 2294 1204 2353 officia
1228 2311 1388 2373 quae
1409 2285 1551 2347 solis
1571 2284 1802 2346 nobili-

117 2378 231 2438 bus
269 2381 634 2442 tribuuntur
661 2405 672 2442 ε
699 2404 816 2468 pro
839 2381 1072 2467 quibus
1106 2400 1310 2440 annua
1344 2372 1647 2460 stipendia
1676 2384 1810 2432 tra-

189 2565 248 2640 a)
289 2567 546 2620 Claudius
579 2566 851 2619 SeselliuS.
890 2566 957 2617 de
979 2565 1109 2635 Rep.
1142 2564 1448 2620 Gallorum.
1476 2559 1808 2616 Francofur-

291 2638 334 2689 ti
374 2636 521 2689 1608.
551 2638 866 2690 Franciscus
883 2637 1303 2698 HottomannuS‚
1322 2636 1376 2686 in
1397 2636 1603 2687 Franco
1621 2631 1810 2686 Gallia,

286 2724 390 2776 qua
428 2708 831 2758 Parlamentum
852 2724 1017 2774 supra
1039 2721 1218 2772 regem
1254 2721 1366 2754 esse
1397 2701 1694 2758 contenditz
1719 2700 1807 2751 cui

281 2777 566 2845 respondit
597 2777 866 2843 Antonius
895 2768 1810 2827 MathareIIUS.Francofurti1665.

280 2845 338 2895 in
375 2846 420 2898 8.
456 2847 619 2898 Joan.·
649 2847 712 2896 de
750 2842 898 2898 L'aet.
929 2844 995 2895 de
1024 2843 1305 2895 Gallorum
1347 2842 1488 2911 regis
1525 2839 1805 2897 DominiO.

284 2915 540 2984 Lugduni
585 2918 929 2968 Batavorum.
981 2912 1130 2965 1629.
1184 2912 1444 2981 Stephan.
1494 2909 1812 2965 Forcatulus

286 2984 351 3033 de
389 2985 673 3037 Gallorum
710 2985 960 3055 liuperio.
995 2982 1213 3033 Parisiis
1245 2981 1397 3034 1580.
1435 2981 1495 3033 in
1531 2978 1582 3033 8.
1614 2981 1811 3035 Joann.

289 3053 596 3106 LimnaeuS.
656 3055 713 3106 in
747 3054 938 3106 notitia
1016 3052 1169 3120 regni
1220 3052 1491 3105 Franciae.
1543 3053 1817 3119 Argento-

298 3125 401 3175 rali
440 3123 594 3180 1651.
