1940 3672
235 256 357 318 196
772 259 1222 315 Historia

317 433 365 512 ᾗ.
415 435 470 493 5.
524 434 748 490 Status
798 433 1101 492 Politicus
1165 446 1226 492 et
1274 436 1511 491 Forma
1553 433 1837 509 Regimi-

141 522 237 579 nis
286 523 561 579 Dcmiae.
653 521 859 578 Status
920 520 1154 582 Daniae
1216 522 1511 583 Politicus
1557 519 1700 579 inde
1761 521 1840 577 ab

140 612 233 669 sui
272 610 452 668 initio
476 652 494 682 ‚
540 605 618 664 ad
662 621 873 666 nostra
912 630 1107 690 usque
1138 623 1419 693 tempora
1460 608 1834 668 commodis—

137 700 290 757 sime
357 693 740 755 considerari
804 708 865 753 et
923 694 1124 755 dividi
1174 712 1379 781 potest
1433 699 1494 754 in
1545 698 1831 779 quinque

146 778 466 868 Epochas‚
508 804 778 864 quarum
823 784 866 839 Ι.
915 800 1305 866 representat
1343 799 1570 844 statum
1609 785 1841 843 Daniae

141 873 257 931 sub
313 869 629 944 Ethnicis‚
676 891 874 951 usque
924 893 1017 928 an.
1065 871 1174 939 Ch,
1233 875 1417 934 1014.
1467 873 1546 938 ΙΙ,
1597 873 1840 931 Statum

144 961 379 1018 Daniae
427 958 542 1017 sub
589 959 869 1041 Regibus
921 956 1287 1020 Christianis
1330 982 1526 1042 usque
1566 960 1644 1019 ad
1688 981 1840 1020 con-

140 1045 527 1131 junctionem
574 1049 768 1105 trium
818 1069 1159 1129 regnorum
1211 1049 1564 1110 Borealium
1591 1092 1606 1119 ‚
1657 1071 1763 1109 seu
1804 1071 1838 1106 a

153 1138 395 1193 Canuto
445 1138 536 1194 M.
586 1157 786 1217 usque
832 1138 1331 1215 Margaretliam
1377 1136 1457 1194 ab
1505 1159 1598 1194 an.
1658 1139 1842 1196 1014.

142 1244 342 1305 usque
391 1224 577 1283 1587.
612 1223 719 1283 III.
757 1221 1004 1307 Epocha
1040 1223 1293 1285 exhibet
1330 1238 1561 1284 statum
1607 1225 1843 1285 Daniae

140 1310 220 1369 ab
267 1313 498 1372 unione
531 1332 906 1392 regnorum,
957 1335 1152 1396 usque
1197 1312 1275 1372 ad
1316 1335 1536 1374 eorum
1582 1311 1843 1371 dissolu-

142 1401 381 1460 tionem
440 1399 520 1458 ab
563 1400 747 1460 1587.
798 1422 997 1482 usque
1044 1401 1303 1461 exilium
1358 1404 1712 1460 Christiani
1762 1403 1839 1460 ΙΙ.

141 1509 248 1546 seu
300 1509 395 1546 an.
461 1487 647 1547 1525.
717 1488 825 1547 IV.
886 1489 1132 1571 Epocha
1192 1503 1417 1549 statum
1477 1490 1711 1549 Daniae
1763 1489 1844 1548 ab

140 1574 348 1635 Exilio
410 1578 770 1634 Christiani
818 1577 898 1635 II.
966 1601 1071 1639 seu
1115 1580 1297 1638 initio
1354 1576 1850 1636 Reformationis

142 1664 206 1719 in
247 1664 440 1722 Dania
496 1684 691 1745 usque
734 1666 1142 1727 mutationem
1204 1666 1468 1725 Formae
1517 1668 1843 1749 regiminis

137 1749 257 1809 sub
304 1754 632 1810 Friderico
684 1753 796 1812 ΙΙΙ.
865 1752 944 1810 ab
991 1778 1085 1822 an,
1131 1755 1316 1815 1525.
1381 1775 1582 1834 usque
1655 1756 1840 1815 1660.

141 1838 432 1921 Denique
503 1842 581 1900 V.
653 1837 902 1923 Epocha
965 1844 1267 1926 proponit
1318 1855 1546 1901 statum
1608 1839 1845 1902 Daniae

140 1926 258 1985 sub
311 1926 668 1988 Monarchis
735 1928 1016 1990 absoluta
1066 1943 1366 2015 potestate
1428 1928 1841 2011 gaudentibus

139 2013 285 2074 inde
330 2016 409 2074 ab
457 2039 552 2074 an.
625 2016 813 2077 1660.
877 2041 1080 2103 usque
1141 2018 1219 2078 ad
1281 2033 1494 2079 nostra
1539 2015 1838 2102 tempora.

130 2118 193 2163 et
237 2103 491 2186 quidem

309 2193 356 2252 I.
405 2193 613 2253 Status
643 2192 878 2256 Daniae
923 2194 1039 2255 sub
1076 2193 1376 2255 Ethinicis
1424 2194 1679 2277 regibus
1704 2209 1838 2256 erat

142 2284 486 2341 communis
535 2303 677 2341 cum
720 2283 855 2343 aliis
901 2283 1225 2366 gentibus,
1276 2286 1387 2365 qui
1444 2298 1648 2342 tamen
1690 2306 1840 2366 prae

141 2367 275 2427 aliis
314 2371 574 2452 piratica
607 2372 1023 2446 exercebant,
1072 2369 1215 2431 hinc
1257 2374 1625 2431 necessitate
1662 2393 1843 2455 saepe

141 2470 407 2538 urgente
456 2459 657 2517 varias
703 2461 1106 2542 migrationes
1154 2461 1413 2519 diversis
1479 2460 1839 2519 nominibus

139 2561 574 2628 susceperunt,
623 2560 684 2606 et
727 2569 802 2608 ex
853 2550 1322 2632 Europaearum
1362 2550 1837 2631 provinciarum

139 2633 390 2713 praedis
443 2636 752 2718 imprimis
820 2638 1015 2695 vitam
1073 2636 1514 2696 sustentabant.
1565 2691 1567 2693 ,
1621 2636 1838 2697 Nullas

137 2717 448 2783 habebant
482 2723 643 2805 leges
676 2726 971 2807 scriptas,
1021 2723 1162 2785 ideo
1204 2726 1676 2784 controversiae
1724 2747 1840 2806 per

139 2809 341 2870 duella
401 2831 471 2869 ac
532 2833 710 2871 usum
769 2811 922 2872 ferri
988 2811 1307 2874 candentis
1371 2810 1836 2872 decidebantur.

138 2897 339 2979 Reges
396 2895 708 2959 habebant
757 2903 950 2983 magis
1010 2924 1087 2968 ex
1145 2922 1477 2985 procerum
1542 2900 1840 2961 electione

141 3008 330 3066 quam
384 2991 724 3047 nativitatis
805 2992 1239 3064 successione,
1314 3003 1491 3049 vetus
1564 2988 1834 3070 eligendi

140 3074 522 3136 consvetudo
568 3075 686 3137 fuit
723 3100 837 3161 per
877 3078 1169 3161 suffragia
1216 3080 1280 3138 in
1325 3089 1540 3164 aperto
1587 3098 1837 3163 campo3

1555 3167 1751 3249 Regia
