1940 3672
246 231 370 294 206
798 236 1207 293 Historia

151 414 247 474 vit
290 413 574 474 Sveciam
625 425 688 476 et
729 413 1212 489 Normanniam,
1280 409 1526 495 fuitque
1576 415 1849 471 IIenm‘cc‘

153 505 282 561 III.
334 503 489 586 Imp.
530 523 725 576 socer,
773 501 939 562 unde
975 499 1037 559 hi
1073 523 1288 562 versus
1315 515 1592 562 exstant:
1642 504 1849 558 Facta

151 593 306 648 mila·
337 592 565 667 Magni
596 602 984 665 pepererunt
1040 594 1280 667 ιήοζγτα
1341 612 1554 648 nomen
1579 611 1597 644 .·
1652 592 1851 663 Quin-

151 702 271 756 que
315 679 427 736 sub
461 680 733 753 Imperio
779 680 1001 753 Regna
1023 680 1218 751 fuere
1258 699 1408 744 meo,
1461 681 1570 735 Me
1604 678 1718 734 sibi
1743 680 1848 734 de-

154 769 313 843 legit
363 767 658 823 Socerum
698 767 805 842 qui
848 768 1075 823 tertius
1117 767 1283 823 orbis
1311 765 1620 838 Arbiter,
1670 767 1849 823 Hen-

151 857 324 912 rioas
355 855 630 926 nomine,
681 863 932 928 sceptra
971 856 1132 912 tulit.
1178 855 1846 928 Justitiapraeclams

150 963 362 1014 eram,
408 942 734 1018 Regesqzte
759 951 1048 1015 potentes
1108 942 1413 1016 subjectos
1459 944 1638 1000 (locui
1692 942 1846 1017 legi-

151 1030 262 1087 bus
300 1045 434 1087 >esse
476 1031 623 1086 suis.
670 1028 915 1087 Verum
963 1026 1126 1087 haud
1167 1027 1463 1088 duiturna
1503 1027 1622 1087 fuit
1660 1028 1848 1086 Danis

148 1117 449 1200 possessio
499 1115 798 1199 Angliae,
848 1138 994 1175 nam
1040 1118 1168 1197 ipse
1237 1119 1513 1175 Canutus
1563 1118 1655 1173 M.
1726 1136 1850 1172 una

148 1228 292 1265 cum
328 1202 504 1278 filiis,
550 1207 852 1262 Iictraldo
886 1218 948 1264 et
987 1207 1218 1262 Harde
1262 1207 1540 1278 Canum,
1591 1202 1690 1262 25.
1735 1224 1849 1260 an-

149 1295 247 1353 nis
287 1290 541 1374 quidem
592 1292 911 1375 regnavit,
958 1290 1064 1353 sed
1104 1313 1247 1352 cum
1301 1296 1529 1351 IIarcle
1582 1291 1845 1350 cessavit

153 1381 464 1442 Danicum
496 1382 560 1441 in
610 1379 836 1463 Anglia
861 1381 1213 1463 imperium.
1260 1381 1536 1464 Legibus
1571 1377 1849 1438 saluber·-

151 1470 326 1529 rimis
378 1471 630 1528 Gaards
675 1471 844 1527 Raet
864 1467 1040 1527 dictis
1074 1481 1404 1551 postquam
1436 1488 1698 1548 regnum
1736 1462 1847 1522 fir-

154 1558 444 1617 mavisset
473 1569 755 1616 mortuus
808 1570 899 1616 est
950 1558 1134 1617 1055.
1200 1579 1390 1640 regna
1452 1555 1654 1614 tribus
1704 1551 1846 1612 filiis

159 1645 424 1727 reliquit
452 1688 468 1718 ,
514 1646 605 1702 uti
641 1648 862 1702 Sveino
885 1688 901 1718 7
955 1646 1193 1702 Cannio
1230 1659 1293 1705 et
1340 1646 1652 1703 HarachO.

332 1732 443 1791 IV.
501 1734 779 1791 Cametas
821 1735 1048 1791 IIarcIe
1081 1734 1244 1814 patri
1294 1735 1356 1791 in
1412 1731 1607 1788 Dania
1638 1748 1849 1789 succe-

157 1820 308 1882 dens
364 1841 512 1880 mox
581 1822 904 1878 Orchacles
956 1820 1181 1880 insulas
1238 1833 1299 1881 et
1346 1816 1670 1880 Islandiam
1725 1816 1845 1876 sibi

153 1910 453 1980 subiecit,
498 1906 790 1991 Angliam
858 1907 973 1967 sub
1018 1910 1318 1968 Harcclclo
1356 1908 1635 1968 vastavit.
1677 1926 1850 1964 mor-

152 2011 294 2058 tuus
345 1996 529 2056 1045.

329 2084 406 2143 V.
453 2086 733 2162 Magnus
784 2084 1153 2165 cognomine
1215 2084 1435 2140 Bonus
1491 2079 1844 2161 Norvegiae

151 2195 267 2234 rex
291 2218 306 2249 ,
355 2184 493 2256 post
521 2184 791 2231 mortem
828 2175 1057 2230 Harcle
1109 2171 1337 2229 Canuti
1380 2170 1639 2227 Daniam
1676 2167 1844 2226 subi-

153 2283 338 2344 genS‚
384 2258 693 2319 Vandalos
729 2261 790 2318 in
833 2260 1097 2318 Daniam
1135 2258 1514 2340 irruptiones
1553 2254 1845 2314 facientes

152 2350 425 2408 maxima
457 2347 627 2408 clade
662 2347 882 2421 affecit,
924 2361 1134 2430 postea
1157 2342 1434 2406 condidit
1457 2345 1652 2426 legem
1679 2343 1846 2403 Nor-

153 2439 436 2521 vegicam
499 2439 679 2494 Gracc
721 2438 923 2493 Gasen
978 2435 1221 2494 dictam.
1256 2433 1416 2494 Obiit
1454 2434 1635 2492 1049.

329 2524 437 2583 VI.
487 2527 681 2581 Sveno
733 2526 1043 2582 Estritias
1083 2525 1256 2603 cujus
1297 2521 1589 2582 eximiam
1635 2516 1843 2578 erudi-

154 2616 388 2673 tionem
422 2625 483 2672 et
518 2611 812 2694 probatos
836 2633 1037 2672 mores
1069 2611 1353 2670 maximis
1375 2609 1668 2669 encomiis
1692 2628 1844 2688 pro-

151 2712 502 2783 sequuntur
538 2702 886 2783 scriptores,
936 2699 1002 2778 a)
1066 2712 1352 2759 mortuus
1411 2698 1593 2757 1074.
1627 2694 1842 2779 Impe—

152 2791 233 2849 rii
285 2793 383 2850 27.
431 2809 620 2870 quem
660 2800 1039 2871 exceperunt
1094 2800 1219 2848 tres
1266 2783 1375 2845 filii
1439 2782 1699 2857 ordine,
1746 2783 1840 2842 uti

152 2881 473 2937 Her-oldas
522 2875 718 2937 altero
764 2877 1082 2960 regiminis
1113 2895 1274 2936 anno
1321 2886 1618 2935 mortuus.

1612 2974 1753 3036 VII.

217 3167 276 3238 a)
331 3168 565 3222 Adamus
601 3166 922 3222 Brome-usis,
