1940 3672
662 190 1172 246 Ture—orum.
1542 190 1664 249 555

69 367 312 439 monio,
362 362 755 448 popularium
810 361 1070 421 rebellio
1119 373 1330 421 contra
1381 365 1755 423 Heracliam

70 456 548 536 Imperatorem,
598 451 708 529 qui
744 471 884 507 eum
918 450 1000 509 ob
1039 472 1252 509 rerum
1280 448 1757 510 admirationem

68 545 302 603 Ducem
350 540 678 619 elegerunt·
772 538 886 594 Cui
935 538 1208 597 Consilio
1270 552 1449 598 erant
1509 552 1754 621 praeter

65 631 485 688 Abzcbeker'zcm
529 635 589 683 et
643 627 979 682 Osmcmam
1011 628 1194 684 etiam
1236 629 1494 704 Sergius
1536 629 1756 686 Mona-

69 717 215 778 chus
277 715 709 785 Nestorianus,
774 715 1043 770 Jocmmes
1087 715 1511 773 Antioc-henas
1563 717 1749 773 Aria-

68 827 224 877 nus,
268 802 544 861 Jacobita
601 803 857 872 Berra,
907 803 1055 860 item
1111 802 1380 862 Judaeus
1438 804 1751 863 Abdalla:

68 892 290 952 horum
326 892 518 971 igitur
551 889 807 948 Consilis
851 890 913 947 in
964 888 1233 950 Arabiae
1274 890 1551 952 desertae
1591 891 1755 952 urbe

68 983 279 1038 ffleoca
325 978 690 1038 doctrinam.
731 998 1085 1059 proponere
1123 981 1369 1061 coepit,
1409 978 1516 1039 sed
1548 1002 1582 1039 a
1623 980 1759 1039 Ma-

69 1070 324 1151 gistratu
358 1079 427 1123 ut
461 1063 780 1124 seditiosus
825 1064 975 1124 dum
1029 1080 1516 1148 persequeretur
1553 1071 1761 1128 Medi-

68 1177 212 1214 nam
263 1152 422 1234 fugit
457 1175 619 1212 anno
655 1150 763 1211 Ch.
815 1154 958 1214 622.
1009 1152 1109 1211 die
1161 1156 1255 1215 16.
1288 1155 1472 1230 Julii‚
1518 1180 1552 1216 a
1588 1154 1761 1239 cujus

70 1244 212 1323 fuga
284 1244 529 1301 initium
577 1244 766 1299 sumit
845 1241 1007 1299 Aera
1057 1242 1513 1302 Saracenorum
1571 1268 1763 1327 quam

67 1334 387 1408 Hegircmz
432 1343 669 1388 vocant.
719 1328 1025 1388 Conflavit
1058 1330 1419 1391 Doctrinam
1459 1354 1537 1392 ex
1582 1336 1762 1415 prin-

64 1420 241 1503 cipiis
287 1416 785 1477 Christianorum
811 1461 826 1489 ,
887 1420 1437 1499 superstitionibus
1473 1420 1762 1481 Arabum

63 1522 127 1569 et
180 1507 657 1579 Gnosticorum,
718 1525 833 1564 nec
888 1526 1015 1563 non
1071 1506 1297 1566 ritibus
1343 1507 1759 1585 Judae0rum‚

68 1610 140 1655 ut
188 1597 271 1654 sic
312 1606 525 1678 gentes
552 1592 897 1654 doctrinam
925 1595 1098 1652 carni
1142 1609 1203 1653 et
1230 1599 1513 1677 sangvini
1546 1597 1763 1658 faven-

66 1699 190 1745 tem
233 1705 307 1744 eo
357 1683 589 1742 facilius
638 1680 1037 1764 adoptarent3
1085 1681 1258 1765 cujus
1299 1687 1761 1759 simulamenta-

63 1776 154 1831 lia
197 1772 313 1830 alia
354 1785 531 1831 erant
574 1773 962 1846 Dogmatica
999 1770 1112 1829 alia
1155 1775 1464 1833 Ritaczlia.
1511 1774 1760 1837 Funda-

64 1859 356 1920 mentalia
396 1855 948 1918 Mahomedanismi
987 1860 1182 1942 capita
1238 1876 1383 1920 sunt
1435 1866 1754 1946 quinque,

65 1969 227 2030 quae
278 1950 344 2006 in
386 1950 705 2006 Alkorano
734 1968 851 2028 pro
883 1947 1094 2029 regula
1128 1950 1641 2031 praescribuntur
1661 1953 1754 2011 uti

62 2038 107 2096 Ι.
154 2037 388 2096 omissis
434 2034 610 2095 idolis
651 2033 905 2093 credere
958 2057 1158 2094 unum
1208 2041 1417 2097 Deam
1458 2042 1546 2106 II,
1594 2039 1752 2121 jeju-

64 2147 215 2185 nare
250 2138 382 2184 toto
422 2144 629 2183 mense
681 2125 1095 2199 Ramadlzcm,
1127 2125 1232 2185 sed
1267 2128 1351 2185 ita
1400 2141 1471 2185 ut
1500 2143 1761 2187 noctur-

61 2235 177 2273 nae
238 2214 773 2271 commessationes
835 2212 1352 2295 permitterentur
1408 2217 1510 2275 ΙΙΙ.
1563 2218 1758 2277 Prae-

63 2303 167 2362 via
210 2300 525 2361 ablutione
578 2300 855 2359 Meccam
915 2323 1131 2361 versus
1205 2325 1509 2363 converso
1560 2307 1755 2387 quin-

61 2392 237 2473 quies
276 2413 386 2473 per
405 2387 679 2472 singulos
710 2387 838 2448 dies
859 2411 1036 2449 orare
1054 2390 1161 2449 IV.
1188 2389 1553 2452 Chraritatis
1577 2416 1756 2476 prae-

58 2490 308 2563 ceptum
354 2492 489 2538 erat
552 2476 978 2557 Eleemosynas
1048 2482 1422 2563 pauperibus
1477 2503 1751 2563 erogare.

59 2569 137 2628 V.
179 2567 379 2627 Semel
415 2588 529 2649 per
566 2567 759 2623 vitam
790 2567 1065 2626 Meccam
1089 2568 1301 2644 adire3
1350 2569 1501 2649 (ubi
1537 2569 1756 2628 fallun-

61 2668 163 2713 tur
202 2658 312 2737 qui
352 2653 621 2714 credunt
666 2653 1063 2736 sepulchrum
1096 2656 1224 2738 ejus
1251 2660 1312 2716 in
1351 2662 1500 2717 cista
1548 2656 1749 2717 ferrea

61 2745 126 2802 vi
195 2746 538 2824 magnetica
600 2762 960 2824 suspensum
1037 2749 1297 2826 teneri.)
1365 2751 1755 2823 Dogmatc'ca

63 2829 191 2910 ejus
229 2833 535 2914 principia
596 2831 902 2912 imprimis
941 2848 1115 2892 erant
1154 2834 1229 2894 de
1285 2831 1756 2895 Christianismo

62 2933 320 3003 sumpta,
354 2921 443 2978 uti
474 2921 564 2978 De
597 2940 721 2977 uno
758 2942 909 2980 vero
947 2923 1086 2977 Deo
1134 2934 1194 2982 et
1240 2922 1368 3005 ejus
1417 2923 1759 2983 Providen-

927 3031 958 3065 Ζ
1012 3015 1044 3070 2
1586 3015 1669 3071 tia
