1940 3672
445 178 764 232 Gallorum
801 184 859 228 et
910 176 1311 230 Francorum.
1525 179 1641 235 125

59 364 188 425 rat3
249 348 390 408 hinc
458 348 767 426 freqentes
816 344 1244 403 Ministrorum
1303 348 1674 407 mutationes
1710 395 1724 422 ,

61 441 274 518 gravia
331 435 560 495 tributa
619 432 900 513 imposita
962 432 1347 512 putabantur
1405 455 1529 493 esse
1584 450 1722 516 apta

57 526 252 583 media
301 523 375 580 ad
429 518 890 578 restaurandum
925 522 1265 597 aerarium,
1309 523 1563 580 interim
1616 545 1728 580 au-

55 626 180 671 tem
225 623 544 693 postquam
586 607 836 665 Aerarii
873 605 1226 667 Praefectus
1276 611 1519 667 Necker
1555 631 1726 668 arca-

53 721 205 756 num
268 696 438 754 aulae
487 693 1028 768 manifestavisset,
1072 697 1268 778 patuit
1314 694 1560 777 publica
1616 697 1724 757 de-

50 784 179 843 bita
234 782 452 865 quovis
490 803 650 838 anno
698 783 908 863 augeri
947 783 1045 842 60.
1077 783 1455 842 millionibus
1501 785 1722 843 Libra-

48 894 223 930 rum:
272 869 497 951 quibus
561 869 748 928 rebus
799 869 1153 951 reparandis
1202 872 1421 954 optimi
1476 875 1717 954 quique

48 956 317 1018 remedia
372 971 737 1037 quaerentes
778 1003 792 1031 ,
874 959 1176 1037 imprimis
1267 959 1722 1019 contendebant

44 1046 388 1105 communia
424 1044 563 1102 talia
599 1044 754 1106 mala
777 1090 792 1118 ,
841 1046 1273 1103 communibus
1309 1048 1719 1108 Comitioruin

46 1133 347 1215 suffragiis
405 1131 537 1192 fore
586 1131 897 1207 curanda,
954 1131 1059 1191 sed
1113 1134 1258 1214 quia
1304 1134 1715 1195 Comitiorum

44 1220 458 1280 celebiatione
505 1222 641 1280 Rex
692 1219 1075 1279 dominatum
1127 1242 1305 1279 suum
1350 1222 1713 1282 subverten—

46 1307 194 1366 dum
237 1322 518 1390 putaiet,
573 1307 678 1366 diu
733 1305 1073 1367 leluctabat
1078 1330 1152 1365 ul
1194 1332 1209 1383 3
1281 1310 1390 1389 qui
1463 1308 1711 1370 demum

40 1398 424 1476 gravissimas
482 1398 542 1453 in
593 1397 930 1477 piovinciis
991 1394 1320 1455 seditiones
1379 1396 1714 1458 observans

48 1484 229 1550 1789
277 1484 538 1541 Comitia
584 1488 715 1541 Ver
718 1487 900 1540 saliis
934 1504 1025 1542 ce
1012 1483 1237 1542 ebiaii
1276 1481 1563 1558 indulsit,
1605 1507 1713 1544 cu-

42 1569 134 1651 jus
191 1572 530 1630 tristissima
586 1586 764 1631 erant
818 1574 1221 1631 consectaria:
1270 1594 1412 1629 nam
1473 1572 1550 1631 ad
1609 1574 1712 1632 illa

38 1658 365 1718 Generalia
407 1661 669 1718 nationis
706 1660 983 1732 comitia,
1025 1660 1454 1719 communibus
1491 1663 1707 1744 populi

36 1746 336 1827 suffragiis
377 1747 550 1806 electi
607 1761 784 1807 erant
818 1746 1107 1828 Ablegati
1160 1770 1194 1808 e
1233 1749 1604 1807 Proceribus
1650 1763 1712 1811 et

38 1834 366 1894 Nobilibus
408 1836 547 1894 500.
587 1856 663 1893 ex
705 1834 887 1893 Clero
940 1837 1082 1894 500.
1131 1857 1209 1894 ex
1266 1836 1504 1896 civibus
1560 1839 1703 1899 600.

38 1924 148 2003 qui
197 1921 272 1981 de
325 1923 501 2002 regni
547 1924 807 2003 negotiis
839 1920 932 2003 jus
971 1920 1273 1983 haberent
1300 1921 1704 1985 deliberandi.

32 2009 292 2069 Interim
325 2007 388 2066 hi
429 2012 491 2066 in
517 2009 982 2091 praemeditatas
1013 2008 1247 2071 dudum
1266 2010 1556 2073 factiones
1591 2017 1710 2075 ini-

39 2098 124 2156 tio
174 2100 377 2156 statim
425 2094 683 2179 dilapsi,
724 2099 1000 2157 maximis
1033 2098 1436 2160 seditionibus
1504 2124 1709 2161 ansam

35 2186 461 2267 praebuerunt
491 2229 506 2256 ,
553 2185 697 2245 licet
755 2185 1217 2268 tranquillitatis
1275 2189 1706 2270 procurandae

33 2293 210 2332 causa
251 2275 347 2333 50.
386 2272 576 2331 millia
626 2272 897 2334 militum
954 2276 1118 2334 circa
1159 2275 1504 2337 Versaliam
1557 2277 1707 2338 fuis-

29 2373 164 2420 sent
191 2358 502 2439 ordinata3
543 2384 732 2444 quam
765 2364 1059 2446 optimam
1105 2362 1417 2446 politicam
1454 2365 1705 2426 ordina-

33 2450 268 2509 tionem
299 2452 620 2526 Philippus
655 2449 780 2509 dux
820 2450 1278 2513 Aurelianensis
1302 2476 1436 2513 eam
1468 2457 1530 2512 in
1566 2478 1707 2539 par-

35 2548 163 2596 tem
200 2540 596 2620 interpretari
635 2540 872 2622 coepit,
911 2541 1083 2621 quasi
1117 2562 1227 2600 rex
1265 2542 1485 2602 urbem
1524 2566 1704 2604 ever-

33 2636 166 2684 tere
204 2628 541 2701 statuisset,
577 2623 718 2685 hinc
762 2649 905 2685 mox
958 2638 1174 2687 exolta
1219 2633 1573 2731 glavissima
1609 2653 1703 2690 se-

35 2711 303 2785 ditione,
341 2673 544 2772 cuncti
587 2736 796 2795 legem
827 2715 1316 2776 eliminabantui
1349 2720 1521 2799 quasi
1566 2717 1701 2775 nul-

33 2798 94 2857 lo
144 2799 288 2858 boni
337 2801 570 2882 publici
629 2823 804 2862 sensu
863 2816 1253 2903 tangeretur,
1293 2827 1433 2864 eum
1489 2804 1697 2863 subito

31 2885 191 2946 l1he1
197 2899 317 2946 tate
355 2902 417 2946 et
453 2891 622 2971 legia
674 2889 969 2971 dignitate
1010 2893 1365 2974 privar3unt
1408 2895 1699 2974 quoniam

31 2976 230 3034 omnis
270 2975 484 3035 militia
521 2991 769 3061 praeter
807 2978 1555 3054 PraetorianoS,factiosis
1593 2979 1699 3039 ad*

1472 3064 1615 3130 hae-
