1940 3672
266 227 387 286 202
806 231 1238 313 Hilstoria

174 420 316 466 sunt
355 410 489 490 agri
534 421 596 469 et
637 407 826 471 silvae
870 408 1172 472 limitibus
1217 411 1710 486 circumductae,
1748 418 1861 497 qui

167 496 355 554 etiam
399 509 819 556 mercaturam
872 514 1165 560 exercent
1214 503 1277 560 in
1319 503 1606 561 omnibus
1661 504 1863 562 Euro-

167 604 283 664 pae
331 585 653 666 partibus;
691 606 767 644 ex
811 581 904 644 his
958 589 1050 645 uti
1099 603 1161 649 et
1210 592 1587 650 rusticorum
1640 589 1855 651 liberis

169 670 477 753 imprimis
504 673 816 754 eliguntur
847 672 1172 758 Episcopi,
1209 678 1538 753 Canonici,
1576 678 1860 754 Parochi,

166 758 440 819 Urbium
495 760 858 833 Senatoi¹e8‚
896 763 1215 844 Magistri,
1254 764 1546 839 Scribae‚
1605 768 1858 827 navium.

169 845 654 926 gubernatores,
688 847 1070 909 teloniorum
1105 851 1438 912 Praefecti:
1472 858 1859 913 constituun-

163 946 267 991 tur
302 935 486 994 etiam
529 933 603 993 ad
648 933 874 1017 judicia
940 940 1221 1014 minora,
1281 942 1344 997 in
1396 942 1623 1023 quibus
1672 944 1859 1002 Prae-

161 1042 254 1081 ses
313 1043 477 1081 unus
524 1035 614 1084 est
657 1045 736 1084 ex
777 1024 1120 1086 nobilitate.
1212 1030 1288 1089 V.
1336 1032 1543 1089 Status
1584 1042 1674 1088 cst
1722 1034 1856 1088 Ru-

160 1113 502 1185 stic-orum,
574 1133 846 1192 quorum
913 1112 1018 1171 alii
1085 1125 1227 1173 sunt
1299 1118 1687 1175 Freibanden
1747 1138 1855 1176 seu

158 1195 344 1258 liberi
412 1199 653 1274 coloni,
713 1203 824 1283 qui
896 1201 1210 1285 possident
1274 1225 1453 1285 agros
1510 1203 1857 1264 haeredita-

160 1289 325 1362 rios,
364 1310 398 1346 a
435 1287 664 1370 quibus
704 1303 911 1351 tamen
947 1290 1204 1372 singulis
1249 1294 1425 1351 annis
1464 1291 1703 1374 aliquid
1735 1294 1857 1352 sol-

155 1389 315 1434 vunt
346 1422 363 1450 ,
429 1391 846 1437 mercaturam
918 1381 1107 1438 etiam
1184 1394 1517 1454 exercent,
1583 1383 1853 1440 servitiis

154 1484 282 1522 non
332 1466 777 1547 opprimuntur
813 1509 830 1540 ‚
886 1488 1000 1527 nec
1059 1468 1294 1527 tributa
1368 1468 1618 1527 solvunt
1651 1513 1668 1540 ‚
1733 1471 1851 1528 nisi

153 1554 530 1636 necessitatis
579 1567 867 1636 tempore
919 1577 995 1615 ex
1036 1553 1290 1616 decreto
1337 1557 1726 1616 Senatorum.
1761 1592 1847 1601 ——

155 1639 286 1697 Alii
338 1641 742 1700 Rusticorum
791 1656 936 1703 sunt
986 1646 1099 1725 qui
1148 1666 1277 1703 non
1336 1643 1649 1726 possident
1686 1644 1851 1703 bona

153 1722 604 1804 haereditaria,
645 1728 753 1791 secl
807 1753 841 1789 a
876 1731 1081 1812 Rege,
1129 1732 1443 1791 nobilibus
1476 1746 1582 1789 aut
1642 1732 1850 1792 Eccle—

151 1818 406 1878 siasticis
460 1819 742 1899 personis
783 1840 853 1879 ea
906 1817 1297 1894 conducunt,
1347 1819 1574 1902 quibus
1636 1819 1849 1879 Servi-

155 1906 234 1963 tia
302 1919 620 1987 praestare
678 1919 988 1989 coguntur
1020 1953 1036 1981 ,
1090 1920 1326 1991 pruout
1380 1929 1522 1967 cum
1588 1905 1847 1967 domino

149 2007 594 2053 convenerunt.
688 1995 783 2054 Ex
845 1992 937 2053 his
1000 1997 1189 2077 igitur
1256 2010 1428 2080 patet
1486 1994 1847 2056 Monarchi-

149 2105 247 2140 am
309 2082 608 2140 Danicam
675 2085 912 2164 optime
979 2104 1107 2145 esse
1172 2087 1610 2158 constitutam,
1653 2105 1840 2143 nemo

147 2172 314 2230 enim
359 2173 544 2230 tantis
579 2169 775 2231 affluit
818 2171 1075 2253 opibus,
1121 2185 1191 2230 ut
1228 2193 1291 2232 se
1324 2171 1588 2233 familiae
1608 2173 1842 2253 Regiae

142 2280 461 2340 opponere
506 2257 743 2333 valeat,
812 2262 1109 2341 quoniam
1164 2260 1326 2320 inter
1369 2260 1524 2320 filios
1579 2273 1641 2321 et
1686 2259 1840 2318 filias

144 2345 488 2428 aequaliter
544 2344 863 2406 dividatur
918 2362 1177 2430 paterna
1232 2344 1619 2423 haeredita83
1674 2349 1840 2406 Hinc

146 2435 380 2494 Daniae
432 2456 609 2514 reges
647 2456 794 2494 cum
839 2434 1103 2495 florente
1157 2457 1265 2495 sua
1313 2436 1675 2519 republica:
1732 2458 1841 2496 ex-

142 2524 336 2582 ternis
382 2520 662 2582 hostibus
688 2522 869 2583 facile
915 2525 1206 2584 resistere
1247 2538 1519 2608 possunt.

301 2611 411 2669 IV.
461 2613 726 2686 Epoclza
750 2616 1018 2670 ostendit
1050 2624 1289 2671 statam
1314 2614 1572 2672 Danicte
1592 2612 1669 2668 ab
1703 2615 1839 2668 zmi-

140 2700 273 2756 onis
332 2701 780 2758 Calmczrierzsis
841 2704 1146 2758 solatione
1199 2724 1392 2779 usqae
1423 2704 1512 2759 ad
1553 2702 1838 2757 Fricleri-

140 2810 279 2845 cam
313 2789 438 2846 III.
486 2787 547 2845 A
574 2786 956 2870 sejunctione
986 2790 1156 2849 enim
1193 2810 1555 2871 regnorum,
1576 2808 1701 2845 non
1729 2808 1840 2868 pa-

139 2899 280 2934 rum
334 2879 662 2935 auctoritas
700 2878 944 2958 Regum
1004 2876 1365 2937 detrimenti
1417 2898 1585 2959 passa
1625 2886 1753 2949 est,
1802 2898 1836 2934 e

134 2980 351 3023 contra
398 2987 547 3024 vero
581 2968 856 3047 potentia
893 2964 1229 3026 nobilitatis
1254 2966 1522 3025 Danicae
1547 2963 1625 3023 ad
1670 2985 1834 3022 sum-

135 3075 303 3111 mum
350 3049 658 3132 fastigium
717 3068 928 3114 evecta
983 3067 1157 3129 erat3
1202 3052 1368 3115 unde
1419 3054 1624 3113 cuncti
1683 3049 1835 3108 honi

1583 3138 1743 3199 cala-
