1940 3672
225 161 350 223 556
761 171 1179 227 Historia

134 349 255 423 tia,
304 347 385 427 a)
431 344 508 407 de
554 347 765 420 Mose,
823 349 1098 424 Christo,
1139 348 1364 410 ultimo
1412 347 1680 431 judicio,
1716 363 1833 409 sta-

134 450 205 495 tu
249 438 597 495 animarum
657 446 797 516 post
826 451 1089 498 mortem
1116 485 1131 512 ,
1186 438 1480 499 Paradiso
1536 451 1597 498 et
1632 437 1833 499 Infer-

134 546 258 596 no‚
307 545 372 582 ac
407 526 540 606 ipso
595 523 982 582 Malzomecle.
1059 527 1251 586 Totus
1302 526 1459 587 liber
1528 530 1831 584 Alkorcm.

133 625 373 672 constat
414 633 490 670 ex
529 613 846 670 sententiis
886 626 948 671 et
981 615 1304 695 capitibus.
1348 651 1432 658 —
1473 617 1674 674 Porro
1710 637 1834 672 me-

134 704 244 758 clia
288 699 516 781 quibus
571 701 974 758 Mahomedes
1011 702 1085 760 ad
1121 707 1629 786 propagationem
1685 724 1828 761 suae

127 789 466 847 Doctrinae
482 808 624 845 usus
642 800 776 846 erat
788 792 1103 870 sequentia
1125 804 1280 850 sunt:
1304 791 1594 851 Confusio
1621 793 1828 849 vario-

132 900 272 937 rum
298 877 533 934 rituum
565 897 641 934 ex
677 873 1167 954 Christianism0‚
1217 879 1583 939 Gentilismo
1605 924 1619 952 ,
1666 878 1831 938 Ara-

131 964 334 1024 bismo
364 1009 379 1038 ,
426 976 488 1024 et
518 962 851 1024 Judaismo.
929 966 1043 1025 Vis
1103 981 1164 1027 et
1203 980 1412 1028 terror
1464 967 1682 1049 gladii,
1731 987 1834 1026 oc—

135 1065 395 1135 cupatae
433 1053 717 1134 regiones
751 1076 863 1135 per
916 1076 979 1115 se
1025 1067 1087 1115 et
1135 1054 1415 1139 Caliphas
1443 1076 1833 1116 successores,

133 1144 434 1201 Concessa
457 1142 975 1201 conscientiarum
1011 1142 1282 1204 libertas.
1331 1145 1683 1203 Carnalium
1722 1163 1836 1203 vo-

133 1231 476 1313 luptatum,
533 1228 926 1312 Polygamiae
963 1245 1023 1291 et
1062 1230 1319 1292 divortii
1360 1234 1697 1315 permissiO.
1745 1233 1833 1291 O-

137 1320 379 1379 mnium
430 1318 918 1399 disputationum
970 1318 1047 1380 de
1099 1321 1398 1403 religione
1452 1315 1833 1404 proscriptio

137 1407 254 1469 sub
290 1408 505 1489 capitis
552 1428 767 1489 poena.
817 1408 1262 1467 Miraculorum
1319 1409 1487 1468 nulla
1523 1408 1835 1492 possibili-

134 1508 263 1570 tas,
311 1508 560 1577 praeter
611 1516 746 1554 suas
787 1493 957 1555 fictas
1024 1497 1438 1557 revelationes
1486 1512 1600 1559 etc,
1653 1498 1834 1556 Cete-

137 1609 280 1644 rum
319 1586 378 1643 in
433 1581 545 1642 hac
582 1585 769 1643 etiam
813 1584 1141 1667 Religione
1183 1608 1331 1644 mox
1379 1599 1515 1668 post
1562 1598 1832 1644 mortem

136 1675 533 1732 Malzomeclis
580 1694 739 1754 quae
774 1675 1035 1755 contigit
1067 1696 1228 1732 anno
1269 1674 1539 1753 Hegirae
1586 1675 1694 1730 XI.
1729 1695 1835 1732 seu

134 1786 228 1820 an.
278 1759 384 1818 Ch.
428 1760 572 1820 652.
620 1762 833 1819 variae
853 1776 1051 1820 sectae
1096 1775 1243 1819 sunt
1275 1775 1525 1834 enatae,
1575 1762 1662 1818 uti
1696 1765 1834 1820 Ala·-

136 1855 360 1908 clarum
379 1862 439 1909 et
469 1851 866 1907 Omac'tczrccm
891 1873 918 1921 5
963 1852 1386 1908 controversia
1419 1849 1494 1908 de
1527 1847 1666 1930 jure
1699 1871 1836 1908 suc-

137 1938 422 1999 cessionis
469 1950 608 1996 orta
662 1951 751 1996 est
790 1983 805 2011 ‚
868 1940 1167 2019 quoniam
1241 1940 1641 1995 -Mczlzomecles
1702 1960 1837 1997 suc-

136 2046 441 2087 cessorem
473 2023 913 2107 designavisset
928 2049 1229 2108 generum
1246 2048 1429 2085 suum
1468 2029 1590 2097 All,
1611 2025 1714 2085 sed
1738 2048 1836 2085 so—

136 2117 265 2176 ceri
307 2112 435 2196 ejus
492 2115 586 2172 uti
633 2115 995 2189 Ababeker,
1041 2119 1267 2189 Omar,
1328 2129 1390 2174 et
1432 2117 1705 2173 Otlzmcm
1740 2113 1834 2196 jus

137 2204 529 2264 successionis
590 2202 707 2262 sihi
753 2204 960 2285 primo
1021 2203 1433 2262 vindicabant.
1492 2203 1709 2261 Aliam
1774 2216 1836 2262 et

140 2307 419 2377 posteros
457 2304 776 2373 tamquam
811 2290 1118 2373 legitimos
1166 2294 1561 2350 Malzomeclis
1601 2311 1838 2350 succes-

137 2402 303 2441 sores
357 2393 637 2438 statuunt
686 2378 872 2439 fuisse
941 2381 1161 2441 Persae
1215 2394 1277 2440 et
1350 2380 1603 2462 quidam
1661 2379 1837 2453 Indi,

140 2472 251 2551 qui
290 2468 679 2526 Alkoranum
724 2468 924 2527 solum
972 2481 1391 2540 venerantur,
1439 2480 1500 2528 et
1551 2469 1690 2525 sllc‘i
1726 2490 1836 2527 nc-

136 2582 272 2618 cem
322 2556 535 2637 lugent
570 2578 780 2616 annuo
811 2559 957 2615 ritu.
1016 2560 1307 2615 Omac'tcze
1346 2571 1550 2616 autem
1585 2569 1835 2638 praeter

139 2647 735 2705 Alkoranun‘letiam
762 2645 1128 2705 traditiones
1163 2658 1560 2716 venerantur,
1608 2645 1828 2704 obser—

138 2748 408 2816 vantque
456 2755 709 2816 preceS‚
763 2730 1030 2816 jejunia,
1086 2734 1345 2808 balnea,
1406 2747 1833 2815 tegumentum

137 2824 355 2907 capitis
391 2836 503 2882 etc.
570 2822 755 2881 Hunc
806 2825 1001 2882 ritum
1057 2836 1269 2884 tenent
1319 2823 1651 2896 Saraceni,
1711 2823 1836 2879 Ae-
1911 2847 1940 2878 ·.

204 2980 273 3041 a)
315 2976 466 3025 Joan.
506 2973 732 3027 Heni-ie.
768 2973 1143 3041 Hottingerus.
1202 2973 1346 3023 Hist.
1386 2969 1697 3032 orientalis,
1731 2968 1833 3019 Ti-

298 3046 416 3114 guri
459 3045 633 3093 editae
675 3042 822 3094 16:31.
877 3043 937 3094 L.
982 3042 1064 3093 11.
1114 3062 1162 3099 c.
1201 3042 1252 3099 4.
1292 3051 1345 3093 et
1382 3040 1688 3094 Forbcsius.
1739 3041 1832 3091 ln-

296 3116 582 3168 structiou.
622 3115 679 3163 L.
711 3113 762 3171 4.
805 3133 848 3165 c.
885 3112 932 3164 sl.
969 3123 1070 3165 etc.

1908 3179 1915 3257 ds—.,
1914 3140 1915 3143 „

1904 3498 1913 3546 *n*
1904 3410 1907 3430 -
