1940 3672
387 218 839 275 Britannorum
875 220 937 267 et
983 210 1351 289 Angloram.
1538 217 1658 274 177

82 393 175 449 70.
240 394 425 448 morti
481 389 683 447 vicina
741 384 1146 458 Elisabetha,
1211 386 1454 445 Scotiae
1513 386 1749 468 Regem

72 478 364 534 Jacobam
399 476 526 535 fere
562 474 808 554 Scripto
845 468 1172 530 haeredem
1207 471 1541 532 declaravit
1564 520 1582 550 ,
1624 478 1752 558 ipsa

71 585 224 622 vero
265 562 503 621 coelebs
544 559 796 620 decessit
845 561 1026 619 1605.
1095 561 1175 639 a)
1221 562 1361 632 Quo
1401 560 1562 620 facto
1596 566 1755 621 utri-

71 672 268 730 usque
307 647 547 706 Insulae
594 668 901 706 summum
960 648 1304 730 Imperium
1365 651 1755 710 consentien-

72 737 236 794 tibus
286 734 622 793 Ordinibus
691 732 767 793 ad
825 756 1052 794 novam
1116 738 1370 795 Smarti
1424 737 1745 799 Familiam.

78 836 382 882 translvit.

178 1002 419 1097 Reges
470 1002 869 1163 Utriusqlsie
915 1001 1208 1071 Insulae
1257 1005 1369 1072 De
1416 1006 1652 1075 Domo

401 1103 404 1106 ’
678 1102 682 1106 ’
822 1112 1039 1167 tuart.

241 1250 482 1310 XXIII.
530 1253 794 1310 Jacobas
830 1252 882 1309 I.
926 1272 1003 1311 ex
1042 1250 1227 1312 domo
1269 1255 1495 1312 Staart
1539 1255 1755 1318 Scoto-

64 1363 206 1401 rum
257 1340 427 1412 Rex,
498 1353 637 1424 post
689 1352 955 1398 mortem
1004 1341 1405 1399 Elisabethae
1460 1347 1756 1424 quoniam

74 1431 203 1511 ipse
237 1440 390 1488 esset
439 1449 516 1489 ex
571 1427 919 1509 Anglorum
964 1427 1207 1510 Regum
1247 1432 1569 1513 prosapia,
1627 1455 1756 1502 non

64 1515 249 1575 modo
274 1529 641 1578 testamento
679 1516 1080 1574 Elz'sabethae
1111 1515 1213 1576 sed
1251 1519 1437 1577 etiam
1470 1522 1755 1582 omnium

63 1605 400 1664 Procerum
422 1625 718 1664 consensu
747 1606 878 1663 Rex
901 1604 1164 1686 Angliae
1189 1602 1530 1667 declaratus
1550 1651 1566 1681 ,
1604 1630 1754 1674 mox

68 1693 337 1752 Scotiam
355 1691 614 1775 Angliae
645 1689 1044 1774 conjrmgem,
1068 1691 1464 1755 Monarchiae
1483 1717 1623 1756 suae
1641 1719 1754 1757 no-

66 1802 210 1841 men
229 1783 507 1857 Mzgnae
524 1783 905 1838 Britanniae
945 1779 1170 1841 indidit
1204 1804 1282 1842 ne
1301 1805 1496 1845 novae
1521 1782 1756 1846 dissen-

69 1871 269 1928 siones
305 1891 381 1928 ex
416 1868 774 1928 alterutrius
804 1870 982 1950 regni
1007 1869 1186 1929 titulo
1211 1869 1472 1929 condam
1510 1876 1755 1934 oriren-

69 1970 210 2030 tur3
256 1979 289 2013 a
325 1978 450 2037 quo
490 1970 768 2038 tempore
806 1956 1069 2037 Anglia,
1128 1958 1331 2017 Scotia
1363 1974 1423 2018 et
1446 1960 1754 2021 Hibernia

64 2041 279 2103 iisdem
304 2044 553 2123 regibus
580 2057 828 2126 parent:
871 2046 1049 2104 initio
1085 2048 1289 2105 statim
1308 2059 1570 2109 structas
1590 2052 1755 2111 vitae

62 2153 205 2192 suae
242 2131 486 2191 insidias
505 2155 537 2190 a
557 2132 902 2192 Comitibus
925 2135 1211 2192 Gaureae
1234 2134 1500 2196 feliciter
1527 2141 1723 2198 evasit
1739 2182 1757 2212 ‚

65 2235 127 2279 et
167 2218 609 2302 conjurationis
647 2223 976 2304 participes
1017 2221 1322 2306 supplicio
1368 2224 1603 2302 affecit3
1648 2249 1759 2310 pa-

65 2329 199 2368 cem
232 2329 372 2368 cum
413 2309 688 2390 Hispano
731 2323 1091 2392 perpetuam
1134 2324 1302 2371 terra
1345 2323 1407 2373 et
1439 2316 1595 2373 mari
1636 2336 1755 2397 ope

61 2395 409 2478 legatorum
450 2398 688 2470 sanxit,
774 2410 837 2457 et
894 2396 1038 2459 licet
1083 2421 1226 2460 cum
1273 2403 1503 2462 exteris
1541 2400 1618 2461 ad
1653 2423 1756 2464 re-

62 2482 535 2568 prehensionem
580 2507 777 2566 usque
824 2488 987 2567 pacis
1040 2510 1249 2548 amans
1305 2503 1492 2567 esset3
1566 2487 1756 2550 nihil-

62 2574 303 2633 ominus
346 2588 550 2633 tamen
602 2575 919 2632 Britannia
963 2578 1281 2658 perpetuis
1317 2578 1518 2639 turbis
1554 2581 1753 2661 agita-

57 2657 243 2720 hatur
289 2662 520 2746 partim
572 2659 655 2722 ob
684 2663 985 2724 novitiam
1041 2664 1406 2748 religionem
1441 2665 1748 2728 reforma-

878 2772 941 2808 m
1536 2767 1665 2814 tam

123 2916 198 2989 (ι)
238 2918 312 2970 De
348 2919 651 2971 Elisabetha
696 2919 915 2991 scripsit
945 2920 1229 2993 Adolphus
1260 2942 1290 2976 a
1322 2923 1500 2991 DanS,
1538 2924 1750 2979 Londi-

198 2986 256 3038 ni
307 2985 460 3041 1670.
504 2991 831 3057 BurnettuS‚
884 2990 1283 3048 Rihaideneira.
1323 2995 1469 3053 Cuil.
1511 2995 1745 3052 Camde-

188 3074 290 3110 nus
331 3070 431 3113 etc.
