1940 3672
698 177 1164 232 Danoram.
1507 175 1623 230 221

38 356 357 431 haesisset,
415 372 609 413 novae
650 364 854 410 tamen
905 348 1282 432 reipublicae
1339 348 1713 431 legationem

37 447 411 528 acceptavit3
455 438 791 519 foedusque
831 452 1043 496 contra
1078 437 1314 520 Anglos
1365 438 1550 494 inivit
1574 459 1716 498 cum

37 536 278 607 Russis,
323 532 590 589 Borusso
637 540 698 586 et
735 526 978 601 Svecis3
1044 525 1288 587 tandem
1326 525 1580 585 sublatis
1648 550 1717 586 o-

38 620 284 678 mnibus
342 617 800 687 controversiis,
836 629 1178 674 mercatum
1211 637 1354 673 cum
1391 616 1714 695 mancipiis

37 706 292 766 sustulit.
330 705 613 762 Cessante
660 705 930 783 Imperio
963 703 1350 775 GermaniCO,
1400 704 1705 762 Ducatum

38 795 477 853 Slesvicensem
509 805 570 850 et
621 789 960 849 Holsatiam
1000 792 1230 851 Daniae
1261 789 1504 872 adjecit,
1539 814 1709 851 mer-

34 897 308 940 caturam
366 879 790 938 florentiorem
836 878 1148 954 reddidit,
1219 878 1469 940 demum
1517 901 1713 962 quum

34 983 235 1050 partes
279 967 599 1050 Gallorum
639 969 814 1049 sequi
867 966 1184 1027 videretur
1209 1013 1224 1041 ,
1273 967 1462 1048 Angli
1502 967 1713 1028 Selan—

32 1055 198 1114 diam
249 1057 432 1115 1807.
480 1051 785 1115 hostiliter
820 1054 1178 1115 invadentes
1196 1103 1214 1129 ,
1248 1055 1492 1115 classem
1529 1059 1714 1117 etiam

32 1141 354 1203 Danorum
378 1158 617 1227 captam
649 1147 710 1202 in
748 1142 1038 1226 Angliam
1071 1146 1375 1202 miserunt
1398 1188 1413 1218 ,
1459 1167 1585 1227 quo
1631 1167 1707 1204 ex

27 1231 185 1292 facto
210 1278 227 1308 ,
270 1231 660 1293 manifestum
690 1254 1006 1291 armorum
1051 1230 1265 1291 foedus
1316 1253 1456 1290 cum
1499 1238 1711 1309 Napo-

29 1324 196 1378 Zeone
244 1322 455 1396 inivit,
517 1321 622 1381 sed
676 1319 894 1381 eodem
953 1342 1115 1379 anno
1173 1322 1356 1379 1808.
1425 1334 1710 1380 mortuus

29 1423 148 1469 est:
195 1411 294 1468 cui
332 1413 615 1470 successit
651 1409 829 1469 filius.

198 1498 470 1560 XXXV.
551 1500 911 1556 Friclericzcs
962 1497 1075 1554 VI.
1125 1510 1455 1578 paternum
1488 1494 1701 1555 foedus

26 1608 168 1645 cum
227 1589 580 1663 Napoleone
632 1588 853 1646 initum
878 1630 894 1659 ,
959 1607 1037 1644 ne
1076 1584 1330 1666 quidem
1372 1587 1435 1643 in
1472 1607 1709 1644 summa

25 1672 300 1756 ejusdem
340 1697 655 1734 armorum
701 1672 1060 1734 infelicitate
1101 1672 1387 1754 frangere
1457 1672 1669 1733 volens
1693 1719 1709 1746 ,

24 1762 262 1845 Anglos
307 1777 370 1823 et
404 1764 632 1822 Russos
667 1761 821 1822 adeo
881 1763 944 1821 in
988 1781 1049 1820 se
1094 1764 1459 1835 concitavit,
1506 1774 1576 1820 ut
1625 1763 1712 1820 ei-

23 1851 165 1910 dem
205 1850 584 1933 Norvegiam
625 1849 1085 1933 abjudicarent,
1151 1861 1211 1909 et
1243 1851 1452 1910 Svecis
1492 1872 1711 1910 conce-

24 1938 293 1999 dendam
349 1939 798 2000 decernerent:
847 1938 1011 1998 unde
1043 1937 1278 1998 bellum
1318 1940 1480 1998 inter
1505 1940 1709 1998 Danos

28 2041 91 2087 et
136 2028 361 2087 Svecos
397 2041 678 2100 enatum,
726 2048 875 2109 pace
901 2028 1190 2085 Kielensi
1233 2027 1418 2086 1814.
1468 2049 1538 2087 ea
1575 2027 1708 2108 lege

24 2114 264 2174 finitum
304 2130 423 2175 est:
472 2130 541 2175 ut
573 2140 607 2174 a
648 2117 855 2175 Svecis
903 2138 1016 2197 pro
1054 2116 1403 2197 Norvegiae
1451 2137 1709 2175 conces-

20 2205 222 2278 sione,
270 2205 429 2263 Dani
478 2207 828 2286 acciperent
887 2205 1317 2264 Pomeraniam
1357 2204 1706 2277 Svecicam,

22 2306 85 2351 et
125 2315 319 2351 unum
375 2292 717 2354 millionem
769 2291 1222 2377 Thalerol⁴t1m3
1287 2294 1430 2351 item
1490 2307 1709 2353 contra

23 2383 435 2456 Napoleonem
483 2381 576 2440 10.
605 2382 774 2442 mille
800 2381 1028 2442 milites
1064 2394 1420 2441 statuerent.
1468 2381 1710 2442 Verum

19 2471 347 2527 terminato
386 2469 548 2529 bello
597 2471 851 2544 Gallico,
887 2472 1321 2530 Pomeraniam
1355 2468 1575 2531 debuit
1607 2492 1708 2531 ce-

16 2553 164 2617 dere
196 2558 498 2631 BorUSSO,
547 2570 608 2615 et
647 2580 767 2641 pro
813 2581 882 2618 ea
917 2558 1192 2618 obtinuit
1251 2559 1537 2642 regiones
1590 2558 1710 2615 La-

21 2646 425 2727 venburgicas
458 2643 533 2703 ad
571 2645 884 2706 Holsatiae
926 2645 1092 2707 fineS.
1131 2648 1135 2649 ⁷

180 2734 226 2811 ᾗ.
278 2735 331 2793 5.
388 2736 613 2791 Status
660 2737 1031 2793 Liberat-um
1067 2746 1126 2792 εἰ
1161 2733 1411 2794 Artium,
1454 2735 1519 2789 in
1562 2735 1708 2790 Da-

18 2821 145 2876 nia.
193 2822 415 2880 Primis
449 2822 768 2881 Danorum
816 2823 1199 2905 temporibus
1230 2834 1389 2881 artes
1423 2820 1706 2896 liberales

19 2909 266 2988 ignotae
301 2924 496 2984 erant,
542 2913 804 2968 Ranicz's
867 2913 1033 2971 enim
1076 2908 1551 2971 Characteribus
1575 2932 1708 2984 ute-

18 2995 295 3073 bantur,
352 3019 507 3081 quos
549 2998 831 3060 nonnulli
895 3001 1352 3083 antiquissimos
1389 3020 1519 3059 esse
1571 3019 1709 3077 cre-

1429 3086 1618 3182 dunt3
