1940 3672
644 105 1221 172 Base-assarum.
1548 122 1673 180 505

84 287 416 362 οιιηὼεης,
481 284 934 369 sapientissimis
987 289 1106 347 suis
1166 289 1459 349 institutis
1514 310 1763 353 omnem

84 379 482 463 Reipublicae
514 389 751 460 partem
788 372 1053 435 feliciter
1088 390 1284 436 ornat.

215 469 245 546 ᾗ
270 468 323 526 5.
348 470 564 524 Status
590 466 961 522 Literarzcm
983 469 1320 523 atAt-tium.
1340 466 1586 524 Borussi
1613 465 1764 526 olim

80 554 335 616 Barbari
392 566 452 612 et
500 552 855 612 Literarum
924 551 1106 612 rudes
1153 551 1403 613 fuerunt
1456 551 1642 612 adeo:
1692 569 1760 614 ut

78 664 191 704 nec
225 639 519 700 credibile
557 652 889 720 putarent,
936 642 985 698 si
1023 643 1160 721 quis
1195 640 1431 701 diceret
1470 639 1751 701 homines

78 735 303 792 interse
348 748 520 805 posse
548 729 793 808 aperire
828 749 989 809 quae
1021 731 1286 788 sentiant
1318 743 1379 790 et
1417 729 1613 789 velint
1641 729 1756 788 be-

72 815 288 876 neficio
338 813 691 873 literarum:
778 812 855 874 de
915 815 1140 896 quibus
1202 817 1443 877 erudite
1508 816 1755 877 disserit

73 908 378 961 Erasmus
421 904 634 959 Stella.
683 901 749 980 a)
777 903 952 961 Hanc
989 903 1344 964 barbariem
1364 905 1503 964 dein
1530 927 1756 965 assum-

72 1005 129 1050 ta
175 989 476 1071 religione
526 988 867 1049 Christiana
910 993 1131 1050 sensim
1165 991 1578 1074 deponente8‚
1624 1016 1754 1053 am-

72 1078 230 1161 plius
275 1100 336 1137 se
376 1080 434 1136 in
478 1079 670 1138 literis
709 1093 773 1138 et
818 1078 1052 1136 artibus
1088 1079 1544 1161 percoluerunt.
1593 1082 1748 1143 Cum

72 1188 223 1226 vero
269 1166 344 1224 ad
382 1169 745 1226 'Doctrinam
804 1164 1066 1225 Lutheri
1122 1170 1582 1244 transivissent7
1634 1173 1753 1228 Al-

70 1258 280 1313 bertas
334 1257 384 1313 I.
467 1257 609 1314 Dux
661 1254 737 1313 ad
783 1254 1043 1335 amplius
1107 1254 1558 1316 irradicandam
1617 1280 1751 1317 eam

66 1344 463 1415 Doctrinam‚
509 1347 673 1402 circa
711 1367 806 1401 an.
851 1343 1032 1401 1560.
1080 1341 1365 1402 fundavit
1386 1346 1752 1404 universita-

68 1445 190 1492 tem
231 1434 809 1508 Regiomcmbanczm.
858 1432 1219 1488 Friclerieas
1256 1433 1305 1489 I.
1352 1431 1486 1491 Rex
1525 1433 1748 1492 Borus-

63 1540 271 1579 sorum
310 1521 369 1578 in
419 1519 610 1598 majus
649 1519 1043 1580 subditorum
1073 1541 1332 1578 suorum
1354 1521 1746 1581 commodum
1807 1518 1811 1522 ⁴

62 1607 274 1666 itidem
327 1606 617 1668 fundator
673 1611 909 1668 exstitit
967 1608 1403 1667 Universitatis
1441 1612 1746 1667 Halensis

64 1716 169 1754 seu
215 1697 707 1755 Friclericianae.
772 1697 1045 1756 Berolini
1081 1718 1234 1755 vero
1293 1696 1601 1756 celebrem
1631 1698 1746 1757 So-

63 1785 346 1843 cietatem
403 1787 807 1844 Scientiarum
840 1782 1144 1858 condidit3
1190 1786 1280 1843 uti
1321 1799 1382 1844 et
1405 1782 1533 1867 ejus
1569 1800 1744 1868 pater

64 1873 422 1930 Friclericus
475 1876 822 1931 Vitlzelmus
862 1873 1102 1931 Literas
1155 1874 1478 1932 aestimare
1515 1876 1743 1946 sciens,

74 1961 494 2037 Thezctobargi
541 1959 785 2020 Scholas
831 1961 1104 2043 publicas
1149 1963 1424 2043 aperuit,
1461 1964 1745 2020 Berolitzi

63 2066 216 2104 vero
259 2046 701 2108 Bibliothecam
742 2050 1062 2129 exquisitis
1124 2048 1419 2130 operibus
1464 2048 1742 2109 refertis-

59 2135 273 2192 simam
313 2136 673 2195 aedificavit.
736 2139 1098 2197 Societatem
1132 2151 1544 2196 mercatorum
1569 2141 1742 2197 insti-

61 2224 212 2297 tuit,
259 2245 601 2306 eorumque
635 2227 1114 2308 negotiationem
1147 2227 1207 2282 in
1252 2225 1552 2284 Guineam
1592 2227 1740 2285 alia-

59 2330 182 2390 que
227 2309 439 2372 Afriae
463 2312 669 2373 littora
705 2312 997 2375 extendit.
1045 2312 1346 2373 Similiter
1371 2315 1555 2372 etiam
1592 2319 1740 2373 Fri-

57 2402 300 2457 clericas
339 2403 425 2459 II.
471 2404 750 2478 fllagmcs
795 2403 921 2484 ipse
958 2401 1269 2461 Literatus
1291 2402 1479 2461 Viros
1526 2401 1740 2464 doctos

59 2506 134 2544 ex
163 2490 354 2546 variis
395 2489 678 2571 Europae
721 2492 929 2572 regnis
966 2487 1041 2546 ad
1080 2510 1142 2547 se
1175 2492 1492 2549 venientes
1529 2491 1737 2564 coluit,

59 2594 398 2657 eorumque
445 2577 712 2636 consiliis
770 2580 832 2637 in
877 2575 1356 2636 administranda
1414 2579 1736 2659 republica

59 2658 399 2740 plurimum
437 2666 528 2722 uti
567 2664 796 2741 voluit3
845 2664 1134 2747 qualibus
1177 2669 1737 2726 Praestantissimo-

54 2769 194 2807 rum
225 2749 458 2811 Ducem
489 2765 552 2812 et
579 2753 821 2836 Regum
859 2752 1181 2813 fauoribus
1215 2755 1533 2837 provocati
1573 2755 1733 2831 Viri,

1519 2865 1646 2902 ma-

121 3002 200 3075 a)
239 3006 313 3058 De
354 3007 782 3081 Antiquitatibus
819 3011 1117 3067 Borussiae.
1155 3014 1216 3066 L.
1248 3012 1295 3066 2.
