1940 3672
598 177 1111 235 polonorum.
1495 175 1629 240 503

43 357 164 436 git:
221 356 290 436 a)
341 349 513 435 cujus
568 350 674 430 pio
724 346 933 411 studio
982 361 1185 410 motus
1240 348 1492 425 ,sagello
1535 367 1722 410 voca-

41 446 130 502 vit
168 445 231 501 in
274 441 583 503 Poloniam
624 456 702 495 ex
749 433 1041 498 Bohemia
1080 436 1565 511 EcclesiasticoS,
1603 439 1717 518 qui

41 545 258 590 contra
301 546 535 588 morem
579 524 894 585 Romanae
921 526 1254 599 Ecclesiae,
1301 521 1543 604 vulgari
1589 523 1724 582 Sla-

41 620 260 677 vonica
300 615 507 694 lingva
545 610 731 692 longo
773 623 1056 697 tempore
1103 614 1292 672 Sacra
1329 609 1725 671 administra-

43 719 190 763 runt
233 701 563 760 Cracoviae
602 700 666 756 in
720 700 953 783 templo
997 705 1256 763 Sanctae
1307 699 1558 774 Crucis,
1596 700 1726 759 Re-

42 794 132 872 gis
183 810 369 873 porro
425 785 778 868 exemplum
825 801 887 848 et
929 788 1031 848 alii
1078 788 1298 849 imitati
1341 801 1514 864 sunt,
1560 784 1730 846 unde

43 879 216 937 brevi
269 896 455 958 quam
486 873 746 958 plurimi
786 878 849 934 in
901 898 1145 937 errores
1187 876 1588 935 Hussitarum
1632 874 1726 933 la-

42 966 132 1048 psi
194 976 336 1023 sunt
392 961 599 1023 adeo:
662 974 732 1023 ut
794 961 1078 1024 nobilitas
1125 960 1384 1045 Majoris
1431 962 1729 1023 Poloniae

42 1053 392 1111 Poznaniae
434 1064 807 1132 congregata
863 1050 1266 1112 vehementer
1319 1063 1577 1132 urgeret
1620 1071 1728 1108 re·-

39 1143 419 1198 sticationem
465 1140 691 1197 Calicis
738 1142 802 1197 in
857 1142 1060 1197 Coena
1105 1142 1409 1213 Domini,
1455 1138 1730 1220 allegans

43 1228 493 1286 institutionem
566 1228 838 1301 Christi,
885 1225 1397 1287 consvetudinem
1455 1225 1732 1308 primiti-

40 1337 155 1375 vae
205 1313 506 1374 Ecclesiae
548 1327 611 1374 et
655 1314 1010 1398 exemplum
1055 1312 1516 1387 Bohemorum,
1555 1309 1732 1395 quod

41 1405 155 1463 nisi
189 1403 502 1463 obtineret
524 1448 539 1475 ,
587 1424 754 1461 arma
796 1416 858 1462 et
888 1399 1269 1462 decimarum
1305 1399 1727 1461 ademtionem

42 1489 406 1551 ostentabat.
449 1490 690 1551 Verum
726 1488 1073 1574 prudenter
1116 1490 1456 1572 Episcopus
1493 1491 1728 1548 Pozna-

43 1581 269 1639 niensis
311 1577 388 1636 ad
438 1581 703 1662 speciem
746 1599 965 1637 eorum
1013 1591 1267 1637 conatus
1309 1575 1600 1650 laudans,
1644 1576 1735 1634 si—

42 1667 174 1726 mul
232 1680 486 1750 paterne
538 1683 786 1727 cunctos
844 1668 1091 1725 monuit
1150 1678 1220 1724 ut
1266 1664 1555 1725 ordinem
1601 1684 1734 1723 ser-

44 1768 299 1829 varent,
337 1756 704 1837 promittens
752 1775 814 1813 se
868 1754 1044 1813 facile
1098 1753 1160 1812 id
1205 1778 1238 1812 a
1272 1749 1576 1813 Pontifice
1616 1753 1735 1809 im-

51 1857 477 1925 petraturum:
545 1865 671 1924 quo
716 1840 877 1902 facto
938 1841 1201 1902 feliciter
1257 1863 1478 1901 eorum
1530 1837 1738 1900 studia

50 1932 244 1988 elusit.
334 1931 590 1989 Interim
656 1946 859 1990 tamen
926 1928 1077 1989 dicti
1144 1927 1400 1989 Bohemi
1465 1931 1738 1985 Fratres

49 2017 291 2078 occulte
327 2020 510 2078 etiam
548 2022 898 2077 Poztmniae
946 2017 1249 2078 haeresim
1284 2027 1737 2099 propagarunt,

50 2129 313 2188 quorum
367 2109 681 2190 praecipui
736 2120 913 2168 erant
954 2108 1217 2184 Geogias
1257 2107 1499 2176 Izrael,
1547 2105 1740 2160 Joan-

51 2219 154 2253 nes
211 2198 585 2270 Cotytcmizcs
611 2242 626 2269 ‚
665 2198 1040 2268 Jankovias,
1085 2196 1348 2253 Joamzes
1394 2195 1743 2264 Tomicich,

51 2288 319 2341 Jocmnes·
374 2286 796 2359 CassinoviaS,
844 2286 1106 2341 Ioannes
1146 2285 1349 2341 Lasco
1396 2294 1574 2340 antea
1621 2279 1739 2338 Ca-

55 2375 310 2431 nonicus
365 2373 774 2445 GnesnensiS,
820 2371 962 2433 dein
1019 2374 1283 2456 patriam
1331 2369 1619 2428 deserens
1670 2368 1738 2426 in

57 2460 280 2541 Anglia
337 2481 599 2519 uxorem
641 2459 836 2520 duxit.
930 2465 1001 2520 In
1060 2459 1312 2520 Polonia
1343 2479 1496 2518 vero
1533 2457 1742 2515 mino-

58 2571 126 2606 re
172 2550 410 2630 primus
464 2550 630 2607 circa
686 2573 738 2607 a.
807 2550 989 2609 1450.
1052 2546 1305 2606 videtur
1358 2544 1741 2630 promovisse

58 2637 476 2696 Reformatam
564 2636 930 2718 religionem
997 2639 1292 2695 Nicolaus
1391 2634 1740 2692 Oleznicizcs

59 2727 168 2804 qui
214 2746 290 2783 ex
332 2727 603 2809 propriis
643 2725 820 2784 bonis
865 2723 1200 2785 Monaclios
1260 2741 1472 2783 omnes
1523 2718 1746 2802 ejecit3

59 2833 254 2892 quare
287 2815 468 2871 etiam
515 2812 680 2897 apud
720 2815 955 2895 Regem
1003 2815 1283 2897 graviter
1312 2809 1391 2868 ab
1424 2809 1746 2890 Episcopis

1485 2919 1664 2958 accu-

133 3070 212 3141 a)
251 3071 482 3124 Lasitius
513 3072 572 3122 L.
617 3069 660 3123 l.
699 3069 766 3120 de
798 3068 958 3138 gestis
991 3068 1270 3121 Fratrum.
