1940 3672
454 206 914 264 Britannorum
939 209 998 254 et
1041 198 1405 273 Anglortzm.
1604 192 1720 250 171

134 386 344 460 gundo
376 379 563 441 brevi
583 389 768 438 totam
787 373 915 434 fere
932 373 1334 456 Aquitaniam
1352 381 1818 450 recuperarunt.

149 473 486 528 Edaarclus
523 467 629 523 Ill.
660 477 943 523 mortuus
977 473 1064 521 est
1098 485 1191 519 an.
1232 463 1412 519 1577.
1437 458 1678 539 imperii
1719 456 1816 513 51.

140 561 241 616 cui
272 554 551 615 successit
583 571 660 609 ex
703 549 828 608 filio
862 553 1156 608 Eduardo
1197 568 1416 630 nepos:

298 645 436 701 XII.
503 638 862 698 Rea-hardas
915 641 1001 695 II.
1058 638 1169 719 qui
1219 634 1586 694 Hiberniam
1631 630 1821 712 captis

144 742 416 813 quatuor
445 725 674 806 regulis
707 725 824 784 sibi
859 723 1160 807 subjecit3
1195 745 1342 781 mox
1400 720 1698 780 seditione
1737 714 1821 775 ob

143 817 488 877 exactiones
516 824 789 888 vexatus,
829 815 1121 870 Thomam
1142 825 1430 895 patruum
1451 830 1513 867 se
1540 805 1623 867 ob
1658 807 1828 886 igna-

144 906 309 960 viam
353 898 908 983 reprehendentem
942 899 1315 981 strangulari
1343 896 1539 980 jussit,
1587 894 1825 951 Heari—

145 1014 282 1048 cam
318 991 685 1047 Lancastric‘
715 989 918 1070 patrui
969 987 1163 1046 filium
1203 986 1284 1046 ob
1309 983 1608 1068 quaedam
1644 981 1827 1052 dicta,

150 1077 328 1137 bonis
363 1074 506 1136 fisco
544 1074 800 1134 addictis
839 1074 1023 1134 exilio
1066 1075 1348 1160 punivit,
1387 1071 1492 1132 sed
1526 1074 1572 1130 is
1606 1092 1640 1126 a
1684 1087 1830 1150 pro-

149 1164 417 1235 ceribUS,
455 1165 563 1246 qui
595 1163 1024 1224 crudelitatem
1062 1164 1374 1221 Bia-hardi
1399 1158 1518 1240 jam
1568 1155 1830 1240 pertaesi

150 1266 327 1312 erant
366 1266 724 1325 revocatus,
771 1253 1164 1310 Richarclmn
1211 1270 1420 1330 regem
1457 1260 1702 1329 captum
1740 1240 1830 1298 fa-

149 1363 247 1400 me
296 1343 359 1398 in
404 1338 777 1398 abundantia
809 1341 1054 1398 enecuit
1084 1359 1244 1395 anno
1285 1337 1461 1417 regni
1499 1337 1599 1391 22.
1626 1346 1687 1390 et
1707 1329 1830 1387 Re-

151 1449 341 1509 gnum
387 1427 657 1489 obtinuit
708 1452 758 1486 a.
805 1427 988 1487 1599.
1035 1428 1352 1483 Henrieus
1400 1424 1831 1480 Lancastren-

156 1520 257 1573 sis·
308 1515 375 1595 (ι)

380 1709 623 1807 Reges
677 1711 950 1779 Domus
1001 1708 1581 1777 LancastrensiS.

321 1896 489 1956 XIII.
515 1899 831 1955 Henriczcs
849 1896 954 1955 IV.
990 1897 1199 1956 Scotos
1218 1915 1434 1974 magna
1468 1889 1638 1951 clade
1662 1891 1839 1948 attri-

166 1987 295 2059 tvit‚
351 1983 456 2044 sed
520 1997 735 2042 tamen·
767 1985 945 2044 brevi
982 1983 1276 2042 infaustae
1313 1994 1374 2039 et
1422 1979 1626 2039 fatales
1670 1990 1842 2037 ortae

163 2087 306 2132 sunt
348 2074 776 2131 contentiones
823 2071 899 2132 de
965 2072 1101 2153 jure
1144 2070 1397 2153 Imperii
1459 2073 1621 2127 inter
1670 2065 1847 2124 fami-

161 2161 307 2220 liam
346 2162 789 2247 Eboracensem
832 2175 894 2221 et
934 2163 1414 2232 Lancczstriam,
1461 2153 1847 2240 quarumilla

169 2253 405 2308 Rosam
438 2249 643 2306 albam
672 2246 817 2307 haec
863 2252 1096 2307 Rosam
1137 2248 1396 2306 rubram
1449 2266 1566 2328 pro
1614 2243 1838 2322 insigni

170 2337 457 2418 gerebat:
508 2359 695 2417 quam
741 2349 942 2395 tamen
989 2334 1519 2419 conjurationem,
1585 2346 1648 2392 et
1702 2330 1849 2388 Val-

172 2425 401 2484 lensem
423 2423 785 2483 seditionem
820 2423 1086 2486 feliciter
1109 2426 1465 2507 opprimens
1484 2467 1501 2495 ,
1545 2443 1639 2478 an.
1665 2418 1846 2479 1415.

175 2516 482 2583 moritur,
527 2526 588 2570 et
626 2533 1036 2574 successorem
1073 2512 1331 2593 reliquit
1373 2509 1570 2568 filium
1683 2570 1686 2574 ,

330 2601 501 2659 XIV.
550 2603 894 2658 Hen7·icam
945 2606 1020 2660 V.
1061 2601 1166 2682 qui
1201 2598 1466 2658 Galliam
1506 2596 1640 2656 ideo
1659 2592 1847 2653 hosti-

171 2686 313 2747 liter
331 2690 613 2760 vastavit,
639 2685 810 2768 quod
836 2711 947 2749 rex
986 2688 1172 2747 filiam
1208 2710 1379 2746 suam
1431 2686 1850 2743 Catlzarinam

180 2777 236 2834 ei
288 2779 347 2834 in
394 2796 657 2834 uxorem
689 2773 840 2834 dare
884 2775 1115 2850 nollet,
1162 2777 1269 2856 qui
1316 2796 1394 2834 ex
1434 2771 1860 2856 desperatione

181 2862 332 2924 adeo
377 2862 623 2923 fortiter
664 2885 804 2922 cum
842 2866 1067 2946 exiguo
1111 2885 1224 2923 suo
1273 2863 1551 2923 exercitu
1607 2858 1862 2916 dimica-

1648 2947 1770 3023 vit,

259 3124 319 3183 a)
356 3119 545 3190 Polyd.
580 3121 642 3181 L.
682 3120 763 3175 20.
798 3121 880 3174 21.
917 3122 1054 3174 Hist.
1091 3121 1247 3190 Angl.
