1940 3672
397 217 854 275 Britannorum
906 219 965 266 et
1010 209 1370 286 Anglorum.
1540 215 1657 273 187

90 404 153 450 et
183 390 594 471 Hispanorum
628 385 837 466 jugum
876 396 1276 443 excusserunt
1301 428 1317 457 ,
1360 397 1420 442 et
1461 381 1756 445 Liberam

92 478 535 558 rempublicam
572 475 1026 531 constituerunt
1085 474 1265 530 1785.
1335 472 1531 529 Porro
1585 477 1753 531 varia

91 564 330 622 fortuna
370 566 547 621 etiam
581 573 796 618 contra
835 558 1041 617 Gallos
1087 558 1488 639 sequentibus
1535 563 1747 634 Napo-

94 655 278 708 leonis
318 647 694 728 temporibus
727 646 1011 704 bellavit:
1063 649 1224 705 inter
1257 668 1408 727 quas
1433 648 1762 729 Reipubli-

92 760 195 797 cae
227 758 399 795 curas
434 739 493 792 in
535 735 825 792 morbum
866 738 1082 793 mentis
1140 749 1201 793 et
1247 734 1556 814 Podagrae
1613 737 1763 794 inci-

94 825 239 883 dens
265 869 278 895 ,
316 822 456 880 licet
503 844 752 881 suorum
786 825 1018 879 animos
1053 824 1213 904 pacis
1242 821 1476 895 studio,
1517 836 1577 882 et
1602 826 1764 905 opti-

91 935 186 970 ma
218 912 572 969 successoris
629 913 719 968 sui
777 913 1030 987 Georgii
1097 913 1198 970 IV.
1249 908 1589 970 directione
1645 910 1761 969 sibi

99 998 474 1057 conciliasset
500 1044 513 1070 7
559 997 801 1057 tandem
831 1011 1111 1056 mortuus
1152 1009 1240 1056 est
1277 1000 1458 1056 1820.

241 1086 533 1144 XXXIII.
576 1089 878 1163 Georgius
911 1085 1023 1143 IV
1046 1098 1220 1143 natus
1244 1088 1424 1145 1762.
1454 1083 1589 1165 jure
1614 1084 1757 1143 hae-

90 1172 380 1231 reditario
412 1195 668 1254 regnum
708 1174 979 1232 obtinuit
1012 1175 1109 1233 29.
1131 1174 1409 1230 Januarii
1440 1177 1620 1233 1820.
1650 1175 1760 1254 qui

92 1261 315 1341 rejecta
354 1282 550 1319 uxore
602 1261 827 1319 nullam
896 1282 1064 1342 spem
1113 1263 1509 1325 successionis
1559 1259 1759 1319 habet.

87 1348 368 1428 Regnum
394 1363 716 1430 paternum
749 1346 1194 1429 feliciterjuxta
1214 1349 1491 1430 proprias
1536 1350 1764 1430 guber-

90 1451 197 1493 nat
235 1436 581 1516 Anglorum
624 1438 1123 1508 constitutiones,
1174 1436 1290 1494 sub
1335 1457 1460 1516 quo
1494 1435 1767 1495 Catholi-

89 1526 144 1580 ci
187 1524 449 1583 Hiberni
492 1524 924 1585 ardentissimis
970 1525 1128 1583 votis
1168 1537 1466 1596 orarunt,
1518 1539 1589 1582 ut
1621 1523 1763 1582 odio

88 1611 399 1693 religionis
435 1611 750 1694 hucusque
782 1613 1005 1694 pressi,
1045 1612 1289 1670 tandem
1328 1611 1463 1693 jure
1504 1613 1765 1671 civitatis

90 1697 500 1775 donarentur3
538 1724 704 1782 ,quae
735 1699 1194 1760 Catholicorum
1227 1699 1381 1781 justa
1414 1703 1763 1783 praetensio

92 1790 274 1845 etiam
313 1804 449 1868 post
473 1790 708 1861 multaS‚
748 1790 1216 1872 disceptationes
1260 1789 1760 1848 Parlamentivo-

94 1889 156 1934 to
189 1874 409 1953 rejecta
451 1891 554 1935 est.
615 1878 849 1935 Mirum
882 1900 994 1959 pro
1035 1876 1217 1936 seculi
1272 1879 1478 1958 genio!

250 1964 295 2040 ᾗ.
349 1965 399 2021 5.
452 1968 670 2021 Status
699 1969 1066 2021 Litteras-mn
1102 1976 1160 2020 et
1200 1967 1455 2022 „Artium
1484 1969 1765 2022 Britan-

93 2053 248 2108 niae.
308 2051 379 2106 ln
421 2053 857 2112 nobilissimam
901 2050 1055 2110 hanc
1113 2053 1370 2110 insulam
1416 2068 1552 2135 post
1595 2053 1765 2111 dilu-

92 2142 264 2196 vium
306 2139 490 2198 bonas
524 2140 724 2199 literas
761 2143 1110 2223 pervenisse
1166 2140 1372 2198 multis
1459 2140 1780 2201 ostendere

96 2249 219 2284 non
260 2238 347 2286 est
378 2250 652 2298 necesse,
699 2231 993 2309 quoniam
1031 2251 1096 2287 ea
1131 2250 1286 2309 quae
1332 2228 1407 2288 de
1441 2228 1764 2288 Gallorum

96 2317 522 2374 vetustissimis
562 2315 943 2398 Philosophis
976 2316 1242 2375 diximus
1271 2320 1454 2377 etiam
1515 2317 1590 2374 ad
1636 2318 1766 2374 An-

90 2401 274 2480 gliam
307 2402 698 2477 referuntur,
757 2408 987 2462 Caesar
1033 2406 1197 2462 enim
1253 2408 1338 2463 ait
1386 2404 1766 2463 Druidarum

91 2487 450 2548 Doctrinam
498 2516 574 2550 ex
621 2493 936 2550 Britannia
962 2495 1024 2549 in
1061 2491 1319 2551 Galliam
1356 2492 1539 2552 fuisse
1565 2505 1769 2551 trans-

89 2575 307 2651 latam,
355 2601 479 2659 quo
520 2581 698 2639 etiam
736 2581 1118 2639 Graecorum
1158 2579 1510 2663 Philosophi
1545 2583 1768 2639 sensim

92 2676 513 2746 pervenerunt
538 2691 552 2742 3
598 2682 788 2750 prout
806 2681 1008 2726 autem
1029 2669 1307 2727 Romano
1330 2670 1600 2751 imperio
1626 2668 1769 2725 sub—

91 2753 248 2833 jecta
291 2753 410 2812 fuit
452 2757 807 2828 Britannia,
846 2755 1107 2813 dubium
1140 2778 1267 2814 non
1309 2768 1396 2815 est
1438 2759 1593 2836 quin
1643 2757 1769 2813 Ro-

94 2861 419 2899 manorum
456 2845 745 2902 scientiae
787 2856 848 2901 et
890 2857 1049 2901 artes
1082 2842 1262 2901 simul
1293 2842 1526 2903 fuerint
1572 2844 1768 2901 intro-
1820 2855 1824 2858 ’

94 2924 345 3005 ductae3
397 2952 538 2988 cum
603 2930 902 3012 religione
957 2952 1109 2989 vero
1201 2927 1542 2990 Christiana
1581 2933 1763 2989 etiam

93 3011 330 3075 scholae
368 3018 648 3100 publicae
685 3017 992 3077 introduci
1013 3032 1350 3103 coeperunt
1373 3064 1389 3093 ‚
1415 3018 1618 3102 quales
1642 3017 1763 3098 jam

1530 3105 1678 3166 olim
