1940 3672
427 225 880 282 Britannorum
931 229 993 278 et
1040 220 1406 297 Angloram.
1572 220 1694 282 149

127 399 363 457 Caesar
419 399 504 458 sic
555 393 765 454 docet:
827 390 894 470 a)
952 389 1262 452 Druidum
1327 389 1648 474 disciplina
1722 392 1785 451 in

116 486 434 546 Britannia
466 491 745 562 reperta,
780 494 966 562 atque
1016 477 1159 540 inde
1206 481 1273 539 in
1311 479 1571 541 Galliam
1613 491 1786 537 tran-

116 573 264 633 slata
301 593 425 632 esse
448 569 849 629 existimatur.
877 562 1104 626 St'rabo
1161 567 1235 645 b)
1281 581 1485 629 autem
1515 567 1787 625 affirmat:

120 662 183 720 in
227 658 416 718 insula
452 656 806 716 Britanniae
842 658 1130 737 proxima
1182 658 1392 714 Cereri
1433 665 1494 716 et
1532 656 1790 712 Proser-

104 750 301 825 pinae
370 742 506 803 fieri
575 741 888 803 Sacrificia
967 739 1467 804 Samothracibus
1530 739 1792 811 similia,

120 830 292 914 cujus
332 829 652 891 Antistites
689 831 752 890 in
804 846 1107 914 perpetua
1157 834 1514 913 virginitate
1566 847 1793 887 novem

121 941 246 981 esse
285 916 541 977 tradunt
592 931 654 978 et
704 920 1108 997 Barrigenas
1155 934 1412 997 vocant3
1465 914 1799 1001 putabant-

121 1028 244 1089 que
281 1027 382 1066 eos
426 1005 724 1087 singulari
763 1009 1014 1088 ingenio
1047 1005 1229 1067 fuisse
1272 1006 1622 1089 praedit083
1663 1025 1800 1062 ma-

122 1096 217 1154 ria
250 1114 323 1153 ac
368 1106 586 1154 ventos
641 1097 955 1156 concitare
1008 1095 1425 1168 carminibus,
1487 1113 1678 1174 seque
1737 1091 1801 1148 in

123 1203 283 1263 quae
334 1181 528 1241 velint
570 1182 856 1242 animalia
900 1195 1182 1254 vertere,
1237 1203 1457 1242 sanare
1493 1177 1802 1238 insanabi-

125 1270 247 1345 lia,
302 1282 365 1329 et
409 1266 620 1329 futura
665 1272 838 1330 scire.
899 1268 973 1347 c)
1037 1270 1331 1329 Ceterum
1379 1281 1518 1353 post
1566 1265 1804 1326 bellum

121 1353 462 1444 Trojanum
503 1357 891 1442 probabilius
924 1358 1107 1417 etiam
1158 1357 1540 1417 Graecorum
1587 1351 1806 1413 Philo-

123 1441 338 1528 sophia
387 1466 461 1505 eo
502 1447 834 1528 pervenire
878 1446 1097 1528 potuit⁰
1189 1446 1345 1504 Cum
1391 1465 1544 1505 vero
1602 1442 1809 1498 Julius

131 1535 367 1592 Caesar
409 1557 459 1592 a.
492 1535 568 1592 U.
605 1534 669 1592 C.
715 1535 858 1595 595.
897 1554 1006 1593 seu
1056 1545 1199 1593 ante
1238 1547 1451 1593 natum
1495 1528 1808 1591 Christum

129 1622 228 1682 60.
269 1644 471 1695 anno,
519 1622 803 1682 Romano
857 1621 1123 1704 imperio
1168 1621 1554 1681 Britanniam
1603 1612 1813 1697 subje-

126 1711 338 1784 cisset,
375 1709 608 1794 absque
650 1708 844 1770 dubio
873 1722 1051 1769 vetus
1081 1709 1506 1770 Romanorum
1543 1702 1813 1764 Theolo-

129 1798 259 1879 gia‚
303 1799 482 1858 Ritus
522 1811 585 1858 et
634 1798 1026 1858 Cerimoniae
1072 1796 1258 1857 simul
1297 1810 1476 1859 erant
1528 1789 1813 1853 introdu-

131 1899 301 1959 ctae;
337 1886 699 1969 praesertim
733 1906 931 1967 quum
973 1884 1092 1945 sub
1131 1886 1385 1945 Claudio
1427 1888 1812 1967 Imperatore

132 1972 570 2049 rebellassent,
630 1972 838 2035 denuo
907 1970 1066 2053 jussa
1112 1971 1537 2035 Romanorum
1611 1967 1814 2029 facere

132 2062 678 2145 compellerentur.
737 2060 806 2140 d)
869 2060 1110 2123 Verum
1185 2077 1380 2144 quum
1431 2059 1729 2121 Doctrina
1782 2077 1818 2114 a

137 2150 676 2231 superstitionibus
713 2170 827 2232 per
843 2151 1058 2208 Iesum
1086 2151 1407 2220 Christum
1443 2147 1561 2208 fuit
1592 2166 1817 2229 repur-

137 2252 310 2319 gata,
342 2235 442 2297 hic
487 2260 742 2322 quoque
778 2237 857 2297 ab
886 2238 1030 2321 ipsis
1076 2236 1388 2320 Apostolis
1429 2233 1814 2321 promulgata

136 2339 262 2400 est3
293 2349 436 2386 nam
481 2342 550 2386 ut
591 2327 977 2401 Nicephorus
1010 2337 1270 2386 testatur
1331 2327 1404 2405 e)
1463 2329 1671 2384 Simon
1711 2324 1822 2380 Ze-

138 2416 293 2473 lotes
347 2414 659 2499 Evangelii
718 2414 1066 2473 doctrinam
1122 2416 1307 2475 etiam
1352 2415 1425 2475 ad
1467 2409 1823 2474 occidenta-

141 2500 262 2562 lem
297 2525 628 2577 oceanum,
675 2502 1026 2584 insulasque
1050 2503 1430 2566 Britannicas
1455 2496 1821 2586 perferebat.

144 2589 546 2676 Anglicarum
573 2613 786 2653 rerum
830 2593 1015 2651 etiam
1053 2592 1385 2673 scriptores
1432 2587 1717 2651 tradunt:
1735 2584 1820 2662 f)

1567 2670 1737 2758 quod

218 2853 291 2916 a)
329 2850 505 2903 Julius
547 2848 753 2900 Caesar.
786 2849 849 2904 L.
900 2847 952 2905 6.
983 2849 1289 2902 Comment.
1361 2843 1435 2916 b)
1497 2842 1711 2897 Strabo,
1762 2842 1822 2894 L.

290 2917 342 3043 ‘1³2
377 2911 1828 3057 0?>2.P2¹3¹³}?”11ffi5¹³231}g10³11u513.⁶·e>⁰³lffi¹3231³122r¹53

285 3058 546 3109 Calixtus.
602 3056 659 3107 L.
709 3057 757 3110 1.
800 3057 942 3110 Hist.
974 3057 1178 3116 Eccles.
1210 3075 1256 3109 e.
1291 3053 1376 3109 40.
1431 3050 1510 3127 f)
1562 3050 1721 3108 Beda.
1764 3050 1829 3103 L.

286 3126 338 3185 1.
378 3128 521 3186 Hist.
552 3126 871 3198 Anglorum.
904 3147 949 3181 c.
991 3130 1041 3181 4.
