1940 3672
219 143 346 207 276
753 142 1194 200 Historia

126 344 197 384 re
235 317 504 381 Ordines
535 316 929 378 Gubernium
964 315 1159 398 Belgii
1191 315 1507 374 Mazcritio
1529 312 1822 373 Arausia-

126 413 184 472 ci
235 407 364 469 filio
404 407 615 489 juveni
661 407 762 464 20.
819 424 1010 462 annos
1061 417 1207 464 nato
1254 403 1647 477 detulerunt,
1708 404 1823 483 qui

128 500 316 560 etiam
369 516 518 555 mox
583 494 944 552 Parmensis
995 493 1187 551 Ducis
1237 491 1504 553 Classem
1542 489 1618 549 ad
1678 493 1823 549 Da·-

130 589 391 645 kerkam
424 580 745 655 obsidenS,
792 579 1018 638 multas
1068 578 1210 640 inde
1258 583 1615 664 provincias
1661 578 1823 639 felici

125 674 538 734 victoriarum
606 689 796 729 cursu
868 667 1159 749 Hispanis
1217 671 1467 753 eripuit.
1558 668 1822 727 Interim

127 763 315 823 1592.
407 760 769 818 Parmensis
822 757 1037 815 aetatis
1090 776 1231 816 suae
1286 757 1385 816 47.
1437 770 1717 817 mortuus
1764 768 1826 815 et

123 851 382 911 Parmae
421 843 641 906 habitu
682 843 982 928 Capucini
1021 843 1330 926 sepultus,
1376 845 1438 904 in
1473 843 1824 905 Praefectu—

121 960 193 998 ra
214 956 627 997 successorem
651 932 930 994 obtinuit
953 934 1210 990 Petrum
1237 935 1576 992 Ernestzmz
1601 936 1825 991 filans—

108 1027 414 1103 femiam,
477 1045 666 1106 quem
699 1025 1008 1080 Erue-stas
1046 1021 1352 1080 Austrias
1383 1023 1661 1104 excepit,
1718 1022 1822 1079 cui

120 1114 307 1174 brevi
342 1125 594 1172 mortuo
635 1107 767 1194 ejus
798 1107 993 1168 frater
1031 1106 1333 1168 Albertus
1372 1107 1663 1169 Austrius
1696 1108 1825 1169 suf-

122 1202 318 1264 fectus
339 1214 450 1274 est,
482 1201 594 1283 qui
617 1198 893 1282 deposita
911 1195 1315 1256 Cardinalitia
1345 1195 1664 1281 dignitate,
1684 1199 1826 1254 Isa-

123 1293 348 1351 hellam
378 1310 661 1349 sororem
687 1288 961 1364 Philippi
1004 1287 1131 1342 III.
1160 1286 1222 1344 in
1255 1308 1519 1346 uxorem
1557 1285 1786 1345 ducens
1809 1329 1826 1357 ,

125 1401 359 1440 cumea
394 1376 555 1437 dotis
591 1377 845 1436 nomine
876 1374 1155 1455 Belgium
1183 1377 1420 1457 accepit
1440 1420 1456 1450 ,
1494 1377 1603 1458 qui
1636 1373 1826 1434 ductu

121 1468 457 1528 Franci-soi
489 1468 799 1523 ,Mendoza
823 1507 840 1536 ,
916 1464 1199 1520 Caletam
1236 1462 1426 1521 Gallis
1450 1509 1466 1537 ,
1515 1466 1824 1522 Iialstczm

124 1577 283 1617 vero
333 1552 660 1615 ordinibus
701 1553 844 1612 licet
899 1571 1120 1633 magna
1161 1571 1422 1610 suorum
1472 1549 1644 1612 clade
1688 1554 1823 1612 eri-

122 1645 291 1730 puit:
338 1666 373 1702 a
400 1664 530 1726 quo
571 1655 852 1725 tempore
884 1660 1009 1698 non
1049 1640 1234 1697 armis
1269 1636 1457 1698 modo
1491 1638 1598 1700 sed
1634 1642 1821 1700 etiam

127 1733 440 1792 attentatis
472 1730 744 1791 siccariis
778 1741 840 1788 et
871 1748 1114 1787 veneno
1146 1728 1446 1809 utrinque
1478 1743 1824 1809 pugnatum

123 1818 280 1898 fuit,
362 1817 592 1903 quibus
656 1817 832 1878 bellis
891 1815 1209 1874 Ambrosii
1276 1818 1567 1890 Spinolcce
1620 1818 1823 1876 virtus

126 1907 283 1968 adeo
342 1907 756 1978 inclaruerat,
820 1917 892 1963 ut
946 1902 1267 1964 Generalis
1311 1901 1663 1964 Praefectus
1710 1927 1824 1988 per

124 1996 411 2079 Belgium
484 1995 1019 2080 proclamaretur3
1099 1990 1352 2051 tandem
1430 1988 1611 2054 1609.
1682 2006 1824 2076 post

125 2085 350 2147 multas
396 2083 598 2144 clades
659 2083 956 2166 quoniam
1001 2081 1338 2161 Hispaniae
1391 2080 1530 2141 Rex
1579 2083 1826 2156 Philip—

113 2197 242 2252 pus
295 2174 427 2232 III.
473 2170 843 2232 Foederatas
893 2170 1247 2252 provincias
1303 2168 1531 2229 liberas
1583 2170 1824 2251 procla-

123 2275 380 2336 masset,
447 2262 1018 2344 Navigationesque
1060 2258 1124 2316 in
1175 2256 1378 2316 Indias
1412 2259 1825 2340 permisisset,

123 2371 248 2434 pax
296 2353 391 2410 12.
432 2370 743 2409 annorum
783 2346 1095 2406 conclussa
1149 2359 1241 2404 est
1274 2348 1680 2421 Antverpiae.
1738 2346 1823 2424 α)

122 2442 368 2500 Verum
406 2437 656 2497 evoluto
692 2436 856 2518 pacis
881 2449 1163 2517 tempore
1203 2434 1427 2516 Belgae
1471 2436 1533 2492 in
1570 2433 1824 2494 confoe-

128 2525 452 2587 deratione
507 2525 871 2599 Gallorum,
939 2522 1144 2582 denuo
1194 2538 1410 2582 contra
1465 2524 1823 2598 Philippum

124 2617 247 2673 IV.
302 2615 652 2698 Hispanum
700 2634 874 2672 arma
933 2625 1266 2671 verterunt
1311 2610 1487 2671 ideo:
1557 2608 1728 2691 quod
1777 2613 1824 2669 is

125 2701 390 2763 subditis
438 2705 560 2762 suis
592 2703 799 2763 omnia
830 2702 1202 2760 commercia
1235 2722 1370 2759 cum
1415 2701 1657 2782 populis
1693 2697 1822 2757 foe-

122 2791 323 2853 derati
382 2792 577 2875 Belgii
646 2788 1103 2862 interdixisset,
1182 2791 1293 2873 qui
1344 2791 1529 2848 etiam
1587 2786 1821 2846 bellum

1593 2897 1739 2935 cum

188 3051 263 3121 a)
302 3051 518 3102 Thuan.
552 3053 615 3103 L.
652 3049 767 3104 130.
792 3048 999 3104 -138.
1032 3051 1185 3105 Seth.
1218 3051 1512 3113 Calvisiu52
1552 3048 1610 3104 in
1644 3035 1823 3103 Chro-

257 3121 366 3176 nol.
401 3120 628 3178 Reidan.
663 3122 721 3176 in
757 3123 900 3177 Anu.
953 3121 1019 3180 L.
1055 3121 1142 3183 18.
