1940 3672
598 180 1130 234 polonorum.
1507 174 1631 233 525

47 357 156 435 qui
205 358 415 417 Russis
455 356 625 415 victis
656 353 939 432 Rqssiam
983 353 1288 412 minorem
1340 351 1400 412 in
1455 352 1719 433 provin-

37 445 166 502 ciae
203 444 460 504 formam
504 466 570 503 ea
619 439 972 501 conditione
1031 439 1306 521 redegit,
1360 449 1432 497 ut
1479 452 1718 498 veteres

38 532 352 613 religionis
372 534 523 589 ritus
542 551 731 612 porro
751 543 1156 593 reservarent.
1200 530 1273 588 In
1312 549 1386 588 eo
1409 538 1486 586 et
1517 524 1718 585 virilis

39 619 396 697 Piccstoram
428 619 612 700 stirps
644 619 914 678 extincta
969 631 1089 690 est,
1155 636 1424 698 cumque
1467 612 1717 673 Sororis

38 730 179 768 suae
204 702 396 764 silium
432 707 815 763 Ludovicam
837 705 920 764 Μ.
956 704 1311 786 Hungariae
1334 723 1546 784 regem
1573 719 1716 761 suc-

39 816 336 856 cessorem
383 791 787 874 designasset,
869 794 999 875 ipse
1048 794 1112 850 in
1161 791 1488 852 venatione
1542 787 1718 871 lapsu

38 883 184 963 equi
228 894 516 941 contusus
582 879 870 955 decessit,
927 903 976 938 a.
1037 879 1220 940 1570.
1280 878 1348 956 a)
1400 879 1718 937 chdovico

34 968 316 1030 successit
360 965 487 1049 ejus
523 989 714 1049 gener
759 971 1189 1046 Sigismmzdus
1235 967 1338 1026 cui
1379 965 1559 1026 brevi
1615 986 1717 1025 re·-

33 1079 222 1139 gnum
266 1055 624 1137 ademptum
659 1071 751 1118 est
789 1057 868 1116 ob
909 1058 1331 1114 Demaratum
1381 1075 1416 1113 a
1471 1052 1720 1113 Praefe-

32 1156 208 1204 ctura
245 1166 369 1202 non
412 1158 720 1204 amotum:
755 1147 818 1204 in
840 1142 1012 1228 cujus
1031 1143 1235 1203 locum
1264 1143 1569 1202 Ludovici
1601 1141 1720 1199 mi-

34 1253 150 1291 nor
190 1246 337 1290 natu
380 1229 502 1290 filia
529 1235 843 1311 Hedvigis
881 1242 972 1292 est
999 1241 1323 1305 coronata,
1359 1231 1460 1290 cui
1492 1231 1556 1287 in
1587 1251 1718 1287 ma-

35 1321 228 1379 ritum
276 1318 452 1379 datus
501 1317 622 1380 fuit
682 1324 1038 1380 Uladc'slaas
1089 1320 1335 1397 Jagello
1395 1318 1720 1380 Litvaniae

35 1407 340 1491 Princeps.

284 1569 614 1665 Reges
681 1565 1438 1666 Jagellonici.

207 1757 449 1834 Jagello
494 1757 868 1814 Uladislach.
901 1754 1196 1839 Princeps
1218 1754 1543 1817 Litvaniae
1565 1749 1719 1815 Eth-

39 1845 250 1917 nicus,
329 1843 691 1925 religionem
779 1840 1191 1903 Christianam
1271 1864 1579 1904 assumens
1652 1845 1721 1904 in

38 1932 341 2014 baptismo
390 1933 698 1990 Ulaclislai
743 1952 971 1991 nomen
1019 1931 1288 2014 accepit,
1351 1930 1450 1991 hic
1485 1933 1550 1991 vi
1586 1955 1717 1991 ma-

38 2020 315 2079 trimonii
362 2020 714 2079 Litvaniam
758 2040 900 2078 cum
942 2017 1195 2079 Polonia
1253 2017 1570 2104 conjuxit,
1633 2020 1719 2102 a)

714 2130 756 2167 x
804 2108 839 2165 2
1499 2129 1632 2166 ma-

104 2277 164 2351 a)
184 2277 562 2329 Polonicarum
598 2293 784 2329 rerum
815 2275 1123 2348 Scriptores
1158 2275 1379 2329 Latinos
1414 2276 1637 2330 Veteres
1659 2286 1715 2330 et

175 2348 501 2398 recentiores
536 2346 856 2416 conscripsit
891 2348 1123 2399 Joannes
1156 2348 1441 2404 PistoriUS.
1462 2347 1717 2402 Basileae.

179 2416 329 2470 1582.
373 2416 495 2468 Alia
534 2418 696 2468 etiam
725 2426 901 2468 exstat
937 2417 1234 2480 CollectiO,
1289 2436 1428 2490 quae
1474 2417 1720 2490 prodivit

180 2487 575 2539 Amstelodami
617 2484 771 2542 1698.
805 2487 899 2539 ubi
943 2492 1293 2539 continentur
1341 2492 1549 2542 Aeneae
1586 2488 1717 2558 Syl-

177 2558 252 2609 vii
287 2559 487 2627 scripta
522 2557 587 2608 de
619 2557 841 2608 Polonia
865 2596 878 2620 ,
917 2558 1205 2610 Lithvania
1244 2567 1344 2610 etc.
1381 2559 1517 2610 Item
1551 2560 1715 2609 Eras-

177 2628 253 2678 mi
284 2629 478 2680 Stellae
517 2627 672 2679 liber.
709 2624 1019 2680 Alexander
1040 2627 1307 2696 Gvaguini
1327 2629 1381 2680 in
1403 2628 1715 2696 Chorogra-

179 2697 306 2767 phia
342 2698 511 2749 totius
542 2696 794 2748 Poloniae
823 2706 876 2747 et
914 2696 1252 2750 Lithvaniae.
1303 2696 1531 2750 Martini
1575 2698 1714 2750 Cro-

181 2768 315 2817 meri
347 2769 591 2824 Polonia.
626 2765 863 2819 Mathaei
914 2768 1272 2822 a'‘Michovia
1309 2766 1439 2819 libri
1486 2767 1596 2820 duo
1643 2767 1712 2820 de

182 2836 444 2905 Sarmatia
480 2839 671 2891 Asiana
707 2846 760 2887 et
791 2839 1069 2908 Europaea
1102 2847 1203 2890 etc.
1254 2834 1311 2908 b)
1343 2836 1598 2891 Poloniae
1617 2855 1716 2889 ne·-

183 2924 251 2956 xa
284 2915 364 2957 est
406 2907 723 2969 Lithvania‚
779 2905 930 2975 cujus
966 2908 1394 2978 descriptionem
1434 2906 1588 2960 dedit
1622 2908 1714 2960 Si-

181 2977 516 3043 gismunduS.
550 2977 612 3028 L.
647 2978 783 3028 Baro
808 2979 874 3028 ab
905 2978 1289 3031 Herberstein:
1344 2978 1476 3028 item
1507 2978 1714 3030 Aeneas

182 3046 251 3095 de
301 3046 587 3098 Lithvania
642 3046 784 3116 apud
822 3047 1135 3101 Pistorium.
1174 3047 1431 3100 Polonico
1464 3063 1714 3103 sermone

177 3116 393 3187 scripsit
431 3116 662 3169 Annales
696 3116 930 3171 Mathias
966 3118 1350 3192 StryckoniuS.
1385 3127 1488 3190 etc.
