1940 3672
267 184 388 246 572
862 191 1306 249 Historia

339 367 691 443 Mustaplza
730 367 837 428 IV.
886 367 1077 429 Gallis
1120 381 1183 430 et
1213 371 1623 453 piaetoiianis
1655 392 1805 452 apex
1811 385 1870 431 te

182 451 430 529 favens,
477 455 674 515 altelo
718 459 926 517 statim
959 465 1152 533 an',no
1184 459 1384 518 aBasa
1405 455 1875 518 Rudschukien-

180 544 230 601 si
274 546 677 601 Bairactar
664 547 927 628 impeiio
968 543 1149 605 detui¹
1137 546 1326 605 ¹batus
1361 560 1450 606 est
1476 591 1491 621 ‚
1554 549 1654 604 cui
1705 546 1870 606 idem

180 629 500 691 substituit

359 720 767 776 Mcclzmzcdem
810 719 883 777 ΙΙ.
931 720 1234 780 Juvenem
1279 724 1624 805 principem
1687 722 1870 782 1808.

178 805 286 888 qui
329 807 670 889 composita
724 806 1178 868 Janitsarorum
1229 811 1601 884 rebellione,
1656 829 1870 891 pacem

180 916 326 952 cum
371 893 596 975 Angli-s
624 896 840 969 inienS‚
864 895 1096 956 bellum
1137 901 1277 957 satis
1321 897 1647 958 infeliciter
1684 899 1866 978 gessit

181 995 398 1040 contra
424 983 652 1042 Russos
678 1027 694 1057 ,
727 1004 838 1043 nec
862 986 1035 1067 prius
1077 1004 1290 1067 pacem
1326 985 1610 1046 obtinere
1635 985 1874 1068 potuit,

176 1091 367 1152 quam
400 1070 818 1131 Bessaiabiam
853 1085 916 1133 et
969 1071 1318 1135 Moldaviae
1373 1088 1606 1158 putem
1653 1074 1869 1132 ,Russis

178 1159 453 1218 cessisset
488 1159 671 1221 1812.
723 1161 866 1220 Post
897 1156 1043 1221 haec
1078 1162 1330 1221 Seivios
1376 1158 1609 1221 dudum
1648 1184 1764 1244 pro
1801 1160 1873 1218 li-

179 1243 424 1307 hertate
472 1260 813 1330 pugnantes
860 1247 938 1308 ad
962 1248 1333 1331 obsequium
1368 1253 1701 1311 levocavit.
1747 1251 1873 1307 Ve-

178 1334 432 1393 lmbitas
481 1348 683 1395 tamen
730 1338 792 1396 in
825 1336 1058 1397 Arabia
1097 1338 1465 1398 lebellantes
1508 1338 1586 1397 ab
1635 1335 1874 1397 hostili-
1913 1392 1915 1394 .

175 1421 404 1483 tatibus
433 1420 725 1484 cohibere
751 1447 875 1485 non
895 1427 1118 1507 potuit,
1164 1424 1360 1487 donec
1385 1428 1472 1487 eis
1499 1427 1679 1486 1814.
1697 1427 1867 1485 Mec-

176 1531 313 1570 cam
352 1511 708 1594 eripuisset:
757 1535 789 1571 a
829 1535 956 1595 quo
975 1527 1256 1595 tempoie
1281 1515 1361 1574 ab
1379 1514 1652 1598 Aegypti
1686 1515 1872 1574 Praee-

175 1595 340 1660 fecto
364 1600 550 1659 variis
583 1599 859 1660 cladibus
876 1598 1132 1683 fatigati,
1159 1617 1477 1684 utcunque
1497 1624 1596 1660 vu
1601 1623 1662 1661 es
1687 1603 1867 1662 amit-

178 1699 314 1749 tere
358 1685 668 1749 videntui.
719 1687 958 1761 Quibus
999 1692 1061 1747 in
1100 1687 1403 1771 adjunctis
1428 1691 1614 1750 etiam
1649 1690 1872 1748 Graeci

178 1775 242 1834 in
274 1777 459 1835 variis
504 1776 712 1836 insulis
734 1821 753 1850 ,
778 1777 1100 1859 antiquam
1146 1777 1498 1838 libertatem
1536 1797 1873 1859 recupera-

175 1886 246 1924 re
286 1865 584 1938 nitenteS‚
634 1887 802 1923 arma
840 1885 947 1925 sua
979 1865 1167 1925 unitis
1197 1866 1437 1925 viribus
1453 1863 1523 1923 ad
1552 1867 1871 1925 excutien-

179 1950 330 2010 dum
380 1949 596 2035 jugum
677 1954 1015 2015 Turcicum
1089 1968 1458 2015 convertere
1522 1965 1870 2036 coeperunt

177 2053 239 2101 et
274 2042 336 2099 in
380 2038 542 2098 hunc
577 2061 771 2122 usque
806 2039 994 2117 diem,
1032 2062 1252 2125 magna
1270 2043 1598 2124 utriusque
1622 2041 1870 2122 sangui-

174 2131 270 2188 nis
308 2127 603 2189 effusione
636 2149 701 2187 ac
735 2130 1071 2189 constantia
1090 2152 1207 2213 pro
1244 2129 1527 2191 libertate
1559 2129 1876 2188 vindicam*

169 2215 246 2275 da
308 2218 651 2294 sustinent3
695 2215 870 2298 cujus
918 2217 1105 2278 finem
1143 2229 1400 2279 eventus
1461 2216 1730 2277 docebit.
1769 2217 1863 2275 Ex

176 2300 272 2364 his
295 2303 627 2387 inferimus
672 2325 816 2366 cum
842 2307 1158 2364 Ladovico
1195 2307 1540 2384 Helbergio
1564 2348 1581 2376 ‚
1630 2306 1869 2364 Turca-

177 2414 324 2452 rum
368 2415 538 2451 arma
583 2395 880 2453 continuo
914 2392 1103 2455 fuisse
1137 2393 1330 2455 felicia
1362 2415 1559 2476 usque
1597 2390 1675 2453 ad
1711 2395 1871 2451 Soli-
1936 2388 1937 2394 '

174 2502 428 2539 manum
457 2480 535 2539 II
584 2493 723 2564 post
767 2478 940 2563 cujus
976 2482 1254 2556 obitum,
1307 2480 1389 2542 ob
1444 2484 1758 2564 ignaviam
1808 2491 1872 2540 et

175 2566 580 2630 dissensiones
628 2571 992 2655 Principum
1027 2572 1326 2672 tan-tispel
1351 2572 1480 2629 slstl
1499 2583 1706 2652 coepit
1728 2590 1873 2626 cur-

176 2680 277 2718 sus
349 2658 650 2721 victoiiar
657 2679 795 2735 um3
866 2660 1171 2742 imprimis
1231 2680 1384 2718 velo
1451 2680 1485 2715 a
1568 2656 1876 2717 resmmaa
1939 2707 1940 2740 p

179 2748 351 2806 tione
385 2746 840 2806 Janitsarorum
877 2746 1029 2807 adeo
1068 2745 1388 2805 humiliata
1454 2758 1544 2804 est
1593 2746 1871 2828 potentia
1937 2794 1940 2851 4

185 2835 625 2894 Ottomannica
646 2881 661 2911 ‚
695 2850 764 2894 ut
798 2834 873 2896 ad
921 2836 1118 2896 solum
1149 2856 1376 2895 nomen
1422 2832 1836 2892 Christianum
1862 2877 1878 2906 ,
1936 2853 1940 2900 „s

177 2921 346 3003 quod
399 2938 577 2983 antea
623 2923 854 2984 nefarie
895 2936 1423 3006 contempserant3
1462 2920 1643 2982 hodie
1693 2921 1875 3003 plane
1908 2909 1940 2979 ,⁸

175 3009 501 3095 trepident.
550 3019 683 3075 Imo
721 3033 886 3073 nunc
921 3036 1033 3098 per
1078 3009 1570 3074 Christianorum
1623 3009 1872 3069 Princi-
1921 3030 1924 3040 ·

1619 3119 1770 3181 pum
